4380 5602
173 686 305 732 manum
323 665 440 729 afferre
458 664 632 729 constitnit
666 663 731 726 Sed
750 670 785 726 ut
802 669 903 727 morte
920 663 1201 745 appropinquante
1219 659 1349 725 tandem
1367 659 1541 740 aliquando
1559 660 1645 724 seria
1662 660 1804 740 cogitare
1822 659 1985 741 vitamque

173 783 337 859 peractam
356 794 465 839 secum
485 780 635 856 reputare
663 772 831 854 inciperet,
858 777 983 835 tantum
1010 771 1105 852 alrrit,
1132 777 1166 835 ut
1192 790 1233 834 ne
1261 775 1328 833 tum
1354 768 1484 850 quidem
1509 769 1610 834 animi
1628 769 1822 852 pravitatem
1847 776 1987 851 exueret,

174 885 247 966 sed,
264 883 341 948 dum
359 903 462 949 venas
479 882 540 948 sibi
559 881 656 947 incidi
675 880 775 962 iubet,
793 880 914 945 amicos
933 880 1077 944 carmina
1093 880 1181 944 levia
1199 879 1373 943 recitantes
1390 875 1565 958 audiret.⁸)

344 991 547 1075 Quamquam
566 993 594 1057 si
612 992 684 1074 quis
701 992 855 1073 aequales
872 1010 991 1072 eorum,
1009 1009 1088 1072 quos
1106 987 1361 1071 commemoravi,
1377 988 1519 1052 virorum
1538 1007 1669 1052 omnes
1686 988 1739 1051 vel
1755 988 1921 1051 Lucretios
1935 990 1986 1053 vel

174 1103 299 1168 Plinios
315 1103 369 1167 vel
387 1102 556 1166 Petronios
574 1102 674 1166 luisse
692 1108 796 1184 putet,
818 1119 880 1164 nae
898 1100 954 1164 ille
972 1100 1005 1163 in
1023 1118 1147 1162 summo
1166 1117 1273 1163 errore
1291 1104 1453 1162 versetur:
1479 1118 1556 1161 nam
1575 1097 1704 1162 fuerunt
1725 1097 1906 1178 etiamtum,
1934 1096 1988 1178 qui

175 1211 335 1277 maiorum
354 1211 547 1275 auctoritate
564 1210 651 1275 baud
670 1210 874 1275 mediocriter
887 1209 1024 1291 permoti
1043 1227 1113 1289 eas,
1139 1227 1220 1289 quas
1248 1206 1290 1271 ab
1317 1207 1367 1271 bis
1392 1214 1598 1289 acceperant,
1623 1208 1665 1272 de
1684 1206 1735 1271 dis
1753 1205 1988 1271 immortalibus

174 1320 344 1403 opiniones
353 1321 481 1386 fortiter
493 1320 713 1386 defenderent.
744 1320 849 1384 Maior
867 1326 976 1384 autem
988 1338 1065 1401 para
1083 1317 1323 1382 eruditorum
1342 1335 1400 1380 eas
1417 1322 1571 1398 tanquam
1588 1317 1693 1381 aniles
1707 1314 1845 1379 fabellas
1856 1334 1988 1397 prorsus

175 1429 357 1513 spernebat,
369 1451 473 1512 neque
487 1438 605 1512 tamen,
618 1431 681 1512 ipsi
692 1430 770 1512 quid
782 1429 948 1510 sentirent,
962 1436 1074 1510 aperte
1088 1427 1197 1491 dicere
1210 1424 1384 1507 audebant,
1398 1425 1529 1491 deorum
1543 1426 1719 1510 patriorum
1735 1426 1854 1489 cultum
1868 1423 1988 1488 idcirco

174 1540 368 1615 servandum
388 1560 460 1604 esse
479 1540 557 1620 rati,
584 1548 618 1603 ut
643 1541 760 1619 vulgus
778 1537 949 1602 tormidine
968 1536 1108 1619 quadam
1127 1543 1299 1617 regeretur.
1343 1533 1398 1600 Sic
1415 1536 1501 1601 enim
1518 1534 1715 1611 statuebant,
1733 1554 1859 1598 ornnem
1878 1533 1919 1597 de
1937 1532 1989 1597 dis

175 1648 410 1713 immortalibus
427 1649 610 1732 opinionem
629 1647 735 1713 fictam
754 1667 827 1712 esse
849 1646 891 1711 ab
914 1645 1097 1711 hominibus
1123 1644 1325 1728 sapientibus
1352 1646 1398 1710 rei
1425 1644 1575 1729 publicae
1593 1665 1706 1727 causa,
1734 1652 1782 1725 ut,
1808 1664 1888 1727 quos
1907 1643 1988 1707 ratio

174 1779 239 1823 nou
256 1767 378 1841 posset,
397 1779 454 1823 eos
471 1757 514 1821 ad
533 1757 672 1823 officium
689 1759 820 1823 duceret
838 1756 961 1839 religio.
996 1756 1109 1837 Itaque
1125 1755 1178 1819 dis
1195 1755 1312 1837 cultus,
1332 1755 1481 1837 honores,
1499 1774 1613 1838 preces
1630 1753 1784 1820 adhibere
1802 1751 1989 1836 pergebant,

176 1867 234 1932 sed
253 1868 286 1931 in
305 1868 411 1950 specie
429 1865 522 1930 fictae
541 1866 757 1931 simulationis
775 1886 858 1949 quae
877 1866 985 1929 inesse
1007 1863 1110 1946 potuit
1135 1865 1254 1946 pietas,
1282 1885 1365 1946 quae
1392 1885 1516 1929 morum
1542 1864 1724 1929 sanctitas?
1760 1862 1893 1926 Fuerint
1911 1881 1990 1925 sane

178 1978 262 2041 inter
288 1997 357 2057 eos,
384 1976 437 2057 qui
465 1975 636 2058 aliquam
665 1976 718 2040 dei
746 1976 929 2059 opinionem
953 1975 1142 2056 retinerent,
1165 1973 1223 2037 sed
1249 1974 1320 2038 eius
1347 1973 1415 2055 dei,
1443 1976 1497 2056 qui
1523 1974 1684 2038 humanas
1701 1993 1753 2038 res
1770 1991 1834 2036 nou
1854 1977 1990 2034 curaret.

177 2087 267 2150 Talis
285 2086 436 2150 videlieet
454 2086 563 2168 opinio
581 2084 625 2150 ad
642 2086 769 2149 animos
788 2083 1008 2160 emendandos
1025 2083 1147 2147 nullam
1164 2083 1305 2165 protecto
1323 2084 1388 2147 vim
1407 2083 1526 2149 habere
1543 2085 1656 2167 potuit.

344 2194 466 2277 Quodsi
484 2192 651 2260 uobiscum
670 2194 939 2277 reputaverimus,
963 2193 1073 2274 generi
1097 2191 1237 2257 humano
1260 2194 1405 2257 innatum
1434 2213 1506 2258 esse
1531 2192 1728 2258 desiderium
1747 2190 1900 2271 habendi,
1927 2211 1989 2272 quo

175 2313 328 2387 tanquam
345 2304 545 2369 firmamento
562 2303 663 2367 animi
691 2304 750 2367 niti
777 2305 893 2386 possit,
920 2323 984 2367 non
1011 2300 1212 2381 mirabimur,
1239 2321 1363 2383 eorum,
1390 2304 1443 2384 qui
1472 2323 1544 2367 esse
1570 2302 1650 2366 deos
1668 2303 1841 2384 populares
1858 2302 1989 2367 credere

175 2413 350 2495 desierunt,
368 2413 523 2496 optimum
541 2432 707 2494 quemque,
724 2418 759 2475 ut
778 2411 878 2476 animi
897 2411 1161 2493 tranquillitatem
1182 2417 1320 2493 pararet,
1338 2411 1381 2476 ad
1400 2409 1607 2495 philosophos
1625 2409 1819 2493 confugisse,
1837 2432 1857 2475 a
1875 2409 1991 2494 quibus

176 2542 287 2587 vemm
315 2530 475 2603 repertum
503 2542 576 2587 esse
602 2521 662 2586 sibi
690 2522 914 2604 persuasisset.
971 2521 1073 2585 Erant
1100 2520 1211 2601 etiarn,
1239 2521 1292 2603 qui
1320 2541 1341 2584 a
1367 2520 1546 2603 peregrinis
1571 2520 1623 2584 dis
1649 2523 1785 2588 salutem
1817 2519 1990 2606 petendam

176 2638 356 2707 censerent,
376 2650 509 2711 quorum
528 2631 661 2697 deorum
681 2632 799 2712 cultus,
818 2651 1027 2713 quamquam,
1046 2651 1086 2695 ne
1105 2630 1207 2711 tieret,
1225 2629 1352 2711 legibus
1371 2637 1500 2694 cautum
1519 2639 1601 2711 erat,
1618 2637 1727 2695 tamen
1745 2633 1866 2697 Romae
1885 2631 1988 2715 primo

175 2760 205 2823 p.
223 2739 295 2806 Gbr.
313 2761 343 2804 n
361 2741 491 2804 saeculo
510 2741 607 2805 valde
630 2738 796 2805 increbuit.
840 2739 906 2803 dlii
928 2739 1067 2823 denique
1094 2759 1188 2804 sacra
1208 2739 1401 2804 Iudaeorum
1430 2739 1574 2804 studiose
1598 2739 1827 2823 observabant,
1854 2760 1988 2824 qnorum

176 2849 308 2915 Tiberio
327 2849 533 2931 imperitante
551 2850 594 2914 ad
612 2857 682 2914 octo
700 2850 791 2914 milia
809 2851 930 2914 Romae
948 2850 1049 2914 luisse
1067 2857 1254 2931 septemque
1272 2868 1457 2931 synagogas
1475 2848 1627 2914 habuisse
1644 2850 1797 2915 traditum
1816 2859 1875 2915 est.

343 2957 497 3023 indocti
516 2964 635 3040 autem,
654 2978 726 3023 cum
740 2966 772 3023 et
786 2979 852 3040 eas,
871 2980 984 3041 quasa
999 2956 1175 3023 rrraioribus
1193 2958 1235 3022 de
1252 2956 1305 3023 dis
1322 2966 1524 3042 acceperant,
1542 2959 1711 3042 opiniones
1724 2961 1843 3025 animis
1858 2980 1989 3043 prorsus

176 3067 345 3134 exuissent
362 3087 466 3150 neque
485 3087 525 3132 ea
543 3069 664 3150 ingenii
682 3069 715 3131 vi
734 3074 852 3149 essent,
870 3073 905 3131 ut
921 3066 1182 3151 philosophorum
1201 3066 1322 3149 placita
1339 3076 1446 3133 mente
1465 3069 1735 3150 comprehendere
1754 3078 1894 3153 possent,
1911 3068 1988 3151 quid

175 3177 291 3241 mirum
316 3176 403 3259 quod
429 3177 534 3241 omnis
561 3177 727 3257 religionis
755 3176 832 3241 lacti
859 3184 933 3241 sunt
959 3183 1119 3259 expertes,
1142 3176 1239 3257 idque
1263 3195 1302 3241 eo
1320 3179 1437 3259 nragis,
1459 3178 1556 3260 quod,
1580 3199 1652 3242 curn
1677 3179 1871 3262 spectaculis
1893 3179 1990 3243 inter-

175 3292 297 3368 essent,
317 3284 508 3367 saepissime
526 3306 567 3350 ea
584 3286 625 3350 de
643 3285 694 3350 dis
712 3287 838 3351 narrari
861 3284 1051 3367 audiebant,
1077 3304 1161 3367 quae
1188 3285 1231 3349 ad
1257 3286 1480 3352 auctoritatem
1508 3307 1619 3351 eorum
1638 3289 1672 3353 in
1689 3287 1852 3353 hominum
1871 3287 1990 3352 animis

174 3393 382 3459 minuendam
396 3394 448 3458 vel
463 3396 603 3459 maxime
618 3395 814 3477 pertinerent
828 3391 881 3477 ⁷)'l
900 3395 1006 3478 Atque
1024 3416 1104 3477 quos
1121 3393 1190 3458 dixi
1204 3395 1368 3460 Romanos
1380 3395 1424 3459 ad
1441 3394 1650 3479 philosophos
1668 3397 1861 3479 confugisse,
1879 3417 1989 3462 eorum

174 3522 237 3584 quo
263 3503 335 3584 quis
363 3509 434 3567 erat
460 3503 609 3583 graviore
636 3503 776 3585 ingenio,
803 3525 841 3570 eo
869 3507 975 3586 magis
997 3503 1161 3569 terebatur
1178 3503 1221 3567 ad
1239 3505 1418 3570 doctrinam
1437 3504 1632 3588 Stoicorum,
1660 3515 1767 3572 sectae
1794 3506 1883 3573 illius
1911 3507 1990 3572 ior-

175 3611 355 3676 tissimae
372 3630 417 3675 ac
435 3611 772 3694 sanctissimam)
816 3614 995 3680 Stoicorum
1013 3621 1121 3678 autem
1140 3613 1208 3677 iere
1225 3615 1376 3698 princeps
1393 3616 1454 3681 tuit
1471 3616 1555 3681 inter
1572 3617 1734 3681 Romanos
1752 3616 1787 3680 L.
1805 3615 1991 3682 Annaeus

174 3719 323 3785 Seneca
336 3717 375 3801 ⁹).
420 3721 452 3784 Is
469 3739 565 3802 quarn
584 3723 777 3787 sententiam
795 3723 836 3788 de
854 3723 906 3788 dis
924 3722 1073 3788 habuerit
1096 3744 1158 3805 quo
1176 3724 1282 3805 magis
1299 3725 1439 3808 perspici
1456 3724 1573 3808 possit,
1599 3744 1653 3804 ea,
1681 3744 1764 3807 quae
1781 3726 1892 3790 multis
1909 3726 1988 3790 locis

173 3849 230 3914 per
248 3828 348 3895 libros
366 3828 436 3893 eius
456 3829 604 3912 dispersa
622 3838 711 3912 sunt,
729 3832 763 3896 in
781 3853 880 3898 unum
899 3834 991 3916 quasi
1010 3851 1126 3916 eorpus
1144 3832 1290 3914 redigere
1309 3832 1387 3897 mibi
1405 3832 1604 3916 propositum
1622 3842 1681 3899 est.

343 4066 370 4131 6)
386 4061 471 4115 Tacit
489 4062 505 4114 l.
523 4063 539 4114 l.
558 4078 580 4115 c.
601 4072 638 4115 19.

345 4150 374 4213 t)
393 4146 568 4200 Friedlander
586 4148 601 4200 l.
621 4147 635 4198 l.
654 4164 678 4215 p.
693 4157 741 4202 tat
751 4164 789 4215 sq.
826 4149 947 4203 l'lrlhoru
966 4151 981 4202 l.
1000 4151 1015 4202 l.
1034 4168 1059 4218 p.
1073 4159 1170 4217 sssqq.

343 4233 373 4297 8)
390 4230 451 4284 Sen.
470 4245 510 4298 ep.
528 4239 568 4294 83,
587 4240 611 4283 9.

341 4315 415 4382 a)1s
437 4332 496 4369 cum
520 4315 591 4384 apud
613 4316 779 4370 Sotionem
798 4317 984 4387 philosophum
1003 4335 1070 4387 puer
1087 4319 1199 4373 sedisset
1224 4318 1286 4387 (Ep.
1305 4328 1345 4384 49,
1364 4322 1392 4387 a)
1410 4319 1444 4373 ab
1462 4334 1547 4386 eoque
1573 4326 1649 4372 tanto
1666 4318 1875 4389 Pythagorae
1898 4335 1989 4375 amore

174 4396 298 4452 incensus
324 4408 408 4463 esset,
439 4408 469 4453 nt
495 4399 655 4454 annualibus
682 4401 817 4457 abstinere
843 4404 971 4472 inciperet
996 4411 1024 4458 et
1050 4418 1120 4458 mmo
1148 4404 1254 4459 demum
1280 4412 1389 4473 peracto
1415 4412 1510 4473 patre
1539 4411 1678 4473 rogante
1699 4405 1733 4459 ad
1759 4405 1897 4473 pristinam
1924 4420 1986 4460 con-

174 4481 340 4536 suetudinem
358 4483 459 4538 rediret
474 4483 537 4553 (Ep.
557 4493 613 4549 108,
633 4494 669 4538 lt.
688 4490 742 4554 aa),
769 4496 862 4555 postea
879 4489 1026 4543 Attalum
1044 4488 1191 4542 Stoicum
1217 4488 1250 4542 de
1277 4487 1448 4558 philosophia
1473 4489 1679 4557 praecipientem
1706 4490 1808 4545 audivit
1835 4492 1914 4558 idque
1936 4498 1989 4544 tam

174 4565 306 4630 studiose,
332 4575 361 4621 ut
388 4568 520 4635 „mholam
546 4571 604 4624 eius
630 4571 763 4626 olusideret
785 4580 812 4625 et
833 4574 933 4641 primm
951 4573 1053 4626 veniret
1070 4580 1097 4626 et
1114 4573 1272 4627 uodasimm
1294 4573 1390 4636 exiret,
1414 4572 1596 4627 ambulantem
1618 4588 1724 4642 quoque
1741 4574 1815 4628 illum
1832 4574 1867 4628 ad
1884 4575 1987 4642 aliquas

173 4647 367 4717 disputationes
394 4658 539 4707 evocaret.“
572 4654 622 4721 (ib.
642 4659 678 4723 3.)
714 4657 796 4711 cuim
823 4657 929 4724 quidem
955 4656 1107 4726 philosophi
1138 4665 1281 4727 praecepta
1312 4666 1440 4725 quantum
1467 4657 1502 4711 ad
1528 4658 1607 4711 ritarn
1635 4673 1774 4727 moresque
1800 4658 1917 4714 Senecae
1941 4661 1988 4714 ali·

174 4734 301 4800 quamdiu
318 4743 389 4790 certe
408 4738 550 4799 valuerint,
575 4754 609 4791 ex
627 4737 669 4793 his
684 4741 742 4794 eius
759 4741 846 4794 uerbis
864 4748 989 4809 apparet:
1018 4740 1091 4809 „ligo
1109 4748 1181 4795 certe
1198 4757 1258 4795 cum
1276 4741 1395 4795 Attalum
1413 4742 1532 4796 audirem
1552 4743 1580 4796 in
1598 4743 1673 4807 vitiu,
1690 4743 1717 4796 in
1735 4758 1851 4805 errores,
1875 4744 1902 4798 in
1919 4744 1990 4798 mala

174 4817 243 4871 vitae
261 4827 439 4885 perorantem,
467 4837 547 4890 saepe
573 4823 696 4877 misertus
721 4840 779 4877 sum
806 4825 911 4890 generis
938 4825 1046 4879 humani
1073 4833 1100 4878 et
1124 4826 1216 4880 illum
1243 4826 1415 4881 sublimem
1442 4827 1657 4895 altioremque
1684 4828 1823 4883 humano
1849 4829 1989 4899 fastigio

173 4901 315 4955 credidi.
344 4903 404 4972 lpse
417 4920 506 4973 regem
519 4921 547 4959 se
560 4922 618 4962 esse
631 4908 748 4962 dicebat:
768 4908 814 4961 sed
832 4909 893 4976 plna
911 4924 990 4976 quam
1008 4924 1120 4977 regnare
1138 4910 1202 4964 mihi
1220 4911 1370 4972 ridebatur,
1387 4912 1431 4965 cui
1448 4912 1540 4966 liceret
1557 4926 1696 4968 censuram
1713 4928 1794 4981 agere
1811 4915 1988 4983 regnantium

174 4985 250 5040 Cum
278 5003 355 5040 vero
382 4989 609 5044 commendare
641 5001 868 5062 paupertatem
899 5003 1057 5063 coeperat
1082 5003 1113 5048 et
1139 4996 1328 5059 ostendere,
1359 5010 1463 5062 quam.
1491 4996 1651 5065 quidquid
1681 5014 1772 5053 usum
1802 5000 1988 5064 excederet,

173 5070 301 5139 pondua
324 5083 412 5127 esset
433 5090 668 5143 supervacuum
691 5084 723 5131 et
744 5092 841 5145 grave
864 5078 999 5145 terenti,
1021 5094 1118 5148 saepe
1142 5079 1236 5133 exire
1253 5095 1268 5134 e
1287 5079 1401 5134 schola
1418 5084 1559 5151 pauperi
1583 5083 1693 5139 libuit.
1728 5084 1806 5138 (lum
1827 5093 1989 5155 coeperat

1736 5173 1777 5230 l!
