4380 5602
1007 431 1169 522 L

182 640 372 705 munera.“
390 633 462 717 ¹²⁸)
510 635 617 714 ,Nihil
635 636 722 717 agis,
745 637 799 717 qui
818 643 850 700 11
867 654 968 716 negas
991 635 1060 699 deo
1083 631 1216 713 debere,
1244 632 1301 696 sed
1327 638 1511 695 naturae:
1537 629 1613 712 qnia
1636 649 1695 694 neo
1713 636 1830 694 natura
1847 628 1917 693 sine
1934 627 1996 692 deo

183 757 247 832 est,
265 767 325 812 nec
341 747 423 812 deus
441 747 512 810 sine
530 753 660 827 natura,
679 745 736 810 sed
759 745 860 809 idem
880 752 929 809 est
952 751 1167 825 utrumque.
1186 775 1225 785 —
1245 740 1293 826 Si,
1310 741 1395 824 quod
1412 761 1433 804 a
1451 739 1601 805 Seneca
1618 737 1809 839 accepisses,
1827 736 1997 818 Annaeo,

181 864 214 923 te
231 856 350 921 debere
368 856 493 920 diceres
510 856 563 920 vel
582 855 714 936 Lucio,
738 876 803 920 nou
820 852 1011 919 creditorem
1029 858 1185 933 mutares,
1212 851 1270 916 sed
1287 871 1416 934 nomen,
1434 849 1601 933 quoniam,
1623 847 1692 912 sive
1709 867 1905 929 praenomen
1924 847 1994 910 eins

182 967 251 1031 sive
273 985 390 1030 nornen
414 964 553 1029 dixisses
584 965 658 1028 sive
682 982 872 1046 cognomen,
899 962 984 1026 idem
1010 969 1119 1026 tamen
1147 961 1202 1026 ille
1229 968 1331 1026 esset:
1359 960 1405 1025 sic
1431 979 1516 1025 nunc
1544 963 1719 1023 naturam
1747 976 1841 1037 voca,
1869 956 1994 1020 fatum

182 1074 396 1139 fortunam:
420 1073 548 1137 omnia
572 1072 746 1138 eiusdem
770 1071 832 1137 dei
855 1071 1012 1137 nomina
1034 1078 1122 1135 sunt
1144 1070 1254 1134 varie
1279 1070 1430 1134 utentis
1453 1089 1521 1133 sna
1544 1073 1756 1151 potestate.
1800 1066 1841 1130 Et
1864 1065 1997 1147 iustitia,

182 1182 341 1268 probitas,
371 1181 559 1265 prudentia,
591 1182 754 1262 fortitudo,
782 1180 952 1262 frugalitas
979 1180 1074 1244 unius
1100 1179 1200 1244 animi
1228 1178 1312 1244 bona
1339 1186 1429 1243 sunt:
1460 1177 1615 1260 quidquid
1642 1177 1756 1241 horum
1782 1172 1841 1238 tibi
1868 1174 1998 1256 placuit,

181 1292 309 1356 animus
327 1291 462 1374 placet·“
481 1286 553 1370 129)

354 1401 475 1466 Unum
502 1401 628 1481 igitur
650 1419 737 1464 esse
760 1398 870 1464 deum
894 1399 1020 1464 credit
1044 1398 1205 1481 Seneca,
1232 1418 1326 1480 quem
1345 1406 1411 1461 turn
1430 1414 1556 1479 quoqne
1574 1395 1745 1477 intellegit,
1772 1414 1843 1458 enm
1867 1394 1998 1477 plures

184 1510 262 1575 deos
280 1517 508 1574 commemorat
522 1506 604 1592 ¹³⁰),
630 1508 664 1572 id
687 1507 772 1589 quod
790 1508 930 1573 maxime
947 1529 987 1574 ex
1005 1508 1145 1591 epistula
1166 1512 1234 1591 107,
1257 1512 1303 1573 16.
1330 1512 1477 1589 apparet,
1504 1504 1558 1569 ubi
1586 1505 1620 1569 in
1647 1503 1762 1568 eadem
1784 1500 2000 1587 paragrapho,

184 1640 255 1685 cum
274 1638 394 1684 numen
411 1616 585 1698 significat,
604 1624 637 1683 et
654 1617 811 1698 singulari
831 1625 863 1683 et
879 1618 998 1701 plurali
1016 1637 1149 1682 numero
1167 1616 1276 1681 utitur.

350 1728 387 1791 In
411 1726 559 1809 plurali
578 1726 676 1808 igitur
694 1746 827 1790 numero
845 1726 979 1792 deorum
998 1747 1062 1792 non
1080 1735 1129 1791 est
1147 1726 1232 1809 quod
1249 1725 1464 1807 offendamus,
1484 1725 1518 1788 in
1535 1723 1610 1788 aliis
1628 1721 1724 1787 rebus
1742 1743 1806 1787 non
1826 1741 1998 1804 possumus

184 1857 247 1901 non
265 1836 438 1902 offendere.
481 1833 551 1912 Quo
570 1836 602 1900 in
621 1855 740 1917 genere
759 1843 821 1917 est,
839 1835 924 1918 quod
943 1835 1067 1900 Seneca
1085 1835 1127 1900 de
1145 1835 1225 1899 fato
1243 1841 1365 1898 narrat.
1407 1832 1502 1912 Quod
1528 1833 1555 1896 si
1584 1832 1655 1914 quis
1682 1831 1903 1914 potentiam
1927 1829 1998 1894 deo

186 1947 426 2029 superiorem
450 1945 632 2026 intellegat,
650 1944 752 2028 possit
770 1943 813 2007 ad
831 1963 923 2008 suam
943 1945 1136 2009 sententiam
1154 1943 1390 2009 defendendam
1409 1943 1490 2007 lraeo
1512 1942 1583 2007 eins
1604 1940 1705 2005 verba
1728 1941 1863 2004 afferre:
1894 1940 1999 2016 ,Iure

187 2053 341 2119 vocabilis
359 2054 501 2118 humana
524 2054 646 2138 pariter
672 2072 712 2117 ac
735 2052 847 2116 divina
864 2073 977 2117 cursus
994 2053 1110 2119 velrit.“
1128 2051 1200 2134 111)
1244 2053 1294 2117 Nc
1312 2061 1422 2117 tamen
1440 2053 1474 2116 in
1492 2071 1575 2131 eam,
1593 2071 1689 2132 quarn
1709 2048 1785 2130 dixi,
1804 2049 1998 2114 sententiam

185 2162 285 2228 verba
302 2163 360 2228 illa
378 2165 586 2247 accipiamus,
613 2162 688 2226 aliis
715 2162 793 2227 locis
820 2162 1021 2244 impedimur.
1069 2163 1147 2242 ,Ille
1171 2163 1255 2246 ipse,
1282 2162 1385 2244 inquit
1403 2160 1527 2226 Seneca
1543 2158 1623 2242 ¹³¹),
1642 2160 1784 2223 omnium
1803 2158 1948 2222 conditor
1966 2165 1998 2221 et

188 2279 289 2337 rector
316 2273 477 2356 scripsit
504 2271 634 2354 quidem
652 2270 734 2353 fata,
757 2270 815 2335 sed
833 2271 1020 2351 sequitur.
1064 2272 1198 2355 Semper
1216 2279 1322 2355 paret,
1350 2271 1450 2335 semel
1468 2271 1588 2335 iussit.“
1635 2269 1725 2334 Idem
1743 2267 1809 2332 alio
1826 2268 1896 2332 loco
1911 2266 1999 2348 ¹⁸³):

191 2381 346 2458 ,Etiamsi
365 2382 510 2464 luppiter
528 2381 586 2444 illa
604 2401 669 2445 non
687 2379 765 2443 facit
787 2400 886 2462 nuno,
911 2382 1034 2465 Iupiter
1059 2381 1167 2462 fecit,
1195 2387 1236 2445 ut
1263 2380 1424 2445 fierent.
1468 2378 1612 2461 Singulis
1630 2399 1694 2443 non
1712 2376 1815 2459 adest,
1842 2384 2000 2442 ettamen

186 2490 249 2554 vim
269 2498 302 2554 et
319 2511 451 2556 eausam
470 2497 503 2555 et
520 2509 652 2553 manum
671 2486 819 2552 omnibus
836 2489 953 2555 dedit.“
1000 2491 1059 2554 His
1082 2491 1181 2573 igitur
1208 2491 1287 2554 locis
1311 2497 1448 2573 apparet
1475 2488 1631 2554 Senecam
1658 2487 1760 2551 fatum
1788 2507 1862 2551 non
1890 2484 1999 2550 abso-

187 2599 307 2663 lutum
323 2597 394 2681 ¹³⁴)
413 2599 551 2681 deique
568 2599 787 2682 potentiam
806 2599 1001 2664 excedens
1019 2600 1223 2682 intellegere,
1247 2598 1305 2664 sed
1323 2598 1498 2664 ordinem
1517 2618 1646 2662 rerum
1665 2616 1686 2661 a
1704 2597 1773 2661 deo
1793 2596 2000 2679 sapienter

186 2710 444 2774 constitutum
472 2729 498 2773 s.
527 2708 591 2773 dei
618 2709 862 2773 voluntatem
889 2706 1265 2789 immutabilem¹³⁵).
1313 2709 1379 2774 Sed
1403 2709 1430 2773 si
1454 2727 1475 2772 a
1499 2706 1560 2772 deo
1583 2708 1682 2773 semel
1706 2705 1914 2770 constitutum
1942 2710 2001 2784 est,

186 2817 338 2900 quicquid
355 2826 405 2884 est
422 2817 578 2899 futurum,
596 2837 703 2882 nonne
722 2817 845 2882 tollitur
861 2817 1032 2883 libertas
1058 2818 1197 2883 burnan
1204 2838 1239 2900 a,
1263 2837 1327 2900 qua
1343 2817 1528 2883 hominibus
1546 2822 1658 2900 erepta
1676 2815 1772 2880 simul
1790 2813 1894 2879 omnis
1912 2831 2000 2895 pec-

186 2927 303 2991 candi
322 2929 437 3009 culpa
455 2926 605 2991 tollitur?
632 2925 671 2990 Id
684 2945 725 2991 ne
738 2925 894 2991 Senecam
912 2927 1043 3008 quidem
1061 2927 1227 3009 effugisse,
1244 2927 1314 2992 iure
1327 2926 1475 2993 ridemur
1493 2948 1533 2992 ex
1550 2926 1601 2990 his
1618 2924 1727 2991 verbis
1741 2921 1814 3004 ²³⁶)
1833 2921 2000 3003 colligere:

359 3187 420 3251 ras)
437 3184 506 3238 Ibid
523 3188 545 3251 ξ.
563 3193 586 3237 1.

359 3273 421 3336 119)
439 3268 507 3322 lbid.
525 3267 574 3331 lv,
593 3275 622 3329 8,
640 3277 702 3335 tsq.

359 3356 421 3418 1111)
438 3353 479 3406 Ε1
495 3353 523 3406 in
541 3368 570 3406 re
588 3359 696 3406 secutus
713 3358 754 3405 111
771 3351 887 3416 Stoicos,
906 3353 951 3419 qui
970 3368 1127 3419 quamquam
1147 3370 1227 3407 unum
1245 3354 1324 3407 deum
1342 3369 1400 3407 esse
1418 3353 1576 3415 credebant,
1599 3360 1687 3407 tamen
1706 3369 1797 3422 saepe,
1822 3369 1855 3407 ne
1874 3355 1901 3407 in
1918 3354 2000 3408 mul-

186 3434 345 3490 titudinis
373 3436 593 3490 offensionem
621 3437 779 3498 inciderent,
810 3437 1009 3504 vulgaribus
1038 3438 1252 3506 opinionibus
1278 3436 1360 3491 verba
1385 3453 1434 3491 sna
1461 3437 1688 3491 accommodantes
1715 3439 1857 3506 plurium
1890 3440 2000 3492 deorum

191 3519 351 3573 mentionem
368 3520 509 3575 faciebant.
527 3552 560 3561 -
578 3521 665 3573 Aliter
679 3521 790 3588 pluralis
809 3537 934 3576 numerus
953 3522 984 3575 di
1003 3522 1172 3590 accipiendus
1190 3530 1231 3577 est
1247 3538 1280 3575 eo
1298 3521 1367 3588 loco,
1388 3523 1433 3590 qui
1451 3522 1549 3591 iegitur
1566 3522 1593 3575 in
1611 3522 1726 3590 epistula
1744 3534 1801 3590 110,
1821 3536 1848 3578 1:
1876 3524 2001 3591 „Sepone

187 3606 214 3656 11
231 3606 394 3672 praesentia.
421 3621 490 3672 quae
514 3605 674 3673 quibusdam
697 3605 816 3672 placent,
843 3607 985 3674 unicuique
1007 3614 1126 3661 nostrum
1144 3606 1327 3674 paedagogum
1350 3607 1408 3660 dari
1430 3608 1522 3671 deum,
1549 3621 1603 3661 non
1620 3608 1728 3675 quidem
1749 3609 1925 3673 ordinarium,
1953 3607 2001 3662 sed

187 3689 258 3742 hunc
275 3688 406 3742 interioris
424 3695 503 3743 notae
520 3705 554 3741 cx
572 3705 664 3742 corum
682 3704 804 3751 numero,
830 3706 897 3758 quos
915 3691 1024 3745 Ovidius
1042 3691 1091 3755 ait,
1117 3691 1166 3754 ,111
1183 3691 1264 3758 plebe
1283 3690 1376 3745 deos‘:
1404 3692 1441 3745 ita
1458 3700 1547 3745 tamen
1565 3690 1616 3746 hoc
1634 3706 1747 3760 seponas
1764 3695 1837 3759 volo,
1862 3701 1893 3747 ut
1909 3694 2001 3747 memi-

187 3773 258 3826 neris
282 3772 397 3826 maiores
419 3780 536 3837 nostros,
558 3774 603 3840 qni
625 3774 807 3839 erediderunt,
830 3775 933 3830 Stoicos
950 3776 1044 3830 dusse:
1071 3775 1182 3842 siugulis
1203 3776 1273 3828 euim
1291 3783 1318 3828 et
1336 3775 1451 3829 Genium
1468 3784 1495 3830 et
1512 3776 1640 3831 lunonem
1661 3776 1816 3833 dederunt.“
1839 3808 1872 3818 —
1899 3778 2001 3843 „Stoici

186 3856 333 3920 enim“,ut
350 3857 388 3910 ait
405 3856 522 3910 11111111.
539 3858 555 3910 1.
573 3874 599 3925 p.
614 3868 661 3912 117
678 3874 729 3926 sq„
751 3867 801 3923 ,ut
817 3861 867 3914 sibi
892 3868 919 3914 et
940 3861 1076 3931 systemati
1094 3876 1142 3914 sno
1160 3868 1312 3915 constantes
1329 3868 1417 3914 111111
1436 3861 1469 3914 de
1487 3860 1528 3915 dis
1546 3860 1635 3928 aliquo
1653 3862 1716 3928 (1111
1734 3878 1786 3916 non
1803 3864 1902 3932 plebis)
1920 3879 1999 3918 sensu

187 3940 260 4007 loqui
278 3948 399 4008 possent,
422 3941 706 4010 daemono'logiam
726 3960 745 3998 s.
765 3943 952 3998 doctrinam
974 3945 1011 3997 de
1034 3945 1083 3999 dis
1106 3945 1306 4012 minoribns,
1329 3945 1363 3999 ad
1381 3960 1447 4012 quos
1465 3945 1553 4013 piebis
1571 3944 1598 3997 di
1616 3945 1792 4011 referrentur,
1810 3962 1870 4001 cum
1887 3947 1998 4001 Platone

187 4025 341 4079 statuebant
347 4031 385 4162 111
399 4026 451 4164 {roc
473 4026 551 4081 modo
574 4027 764 4098 mythologiam
786 4033 880 4097 (sensu
900 4030 1008 4097 proprio
1033 4044 1143 4096 prorsus
1164 4029 1270 4097 quidem
1287 4030 1465 4098 repudiatam,
1490 4048 1512 4083 r.
1531 4029 1583 4083 Cic.
1602 4030 1636 4082 de
1653 4036 1706 4083 nat.
1724 4031 1797 4086 deor.
1816 4031 1852 4096 11,
1871 4032 1916 4098 at)
1935 4030 1998 4084 1111-

187 4110 276 4177 gorice
294 4124 346 4177 exp
359 4109 399 4163 'ca
419 4116 489 4164 ant.“

357 4196 419 4260 111)
436 4195 478 4248 Dc
495 4211 568 4263 prov.
587 4206 614 4260 s,
634 4207 657 4252 s.

357 4281 418 4346 111)
436 4279 503 4334 lbid.

357 4366 419 4430 tat)
435 4363 497 4417 Nat
514 4370 615 4430 quaest
633 4364 672 4429 11,
690 4374 730 4419 te.

356 4451 418 4515 111)
436 4448 531 4502 Fatum
550 4448 599 4501 deo
617 4451 740 4517 superius
762 4466 820 4505 esse
843 4466 877 4503 ex
900 4453 953 4505 alio
976 4452 1034 4506 loco
1057 4457 1123 4521 (nat.
1147 4459 1247 4518 quaest
1265 4452 1305 4509 11.
1325 4454 1369 4521 aa)
1388 4452 1471 4505 lleier
1487 4453 1517 4520 (l.
1535 4454 1552 4506 l.
1569 4470 1595 4522 p.
1616 4456 1678 4520 1³0)
1696 4452 1864 4507 efficiendum
1882 4454 1998 4522 putavit:

187 4531 273 4599 „Quid
291 4533 360 4586 cuim
378 4533 503 4601 intelligis
520 4533 623 4587 fatum?
651 4534 778 4589 Existimo
797 4537 980 4591 necessitatem
998 4552 1086 4590 rerum
1104 4537 1220 4590 omnium
1234 4537 1431 4604 actionumque,
1450 4553 1529 4605 qnam
1547 4539 1622 4593 nulla
1639 4539 1678 4593 vis
1695 4544 1824 4607 rumpat“
1855 4539 1908 4593 Sed
1925 4539 2001 4592 falso.

187 4616 339 4684 Sequuntur
355 4617 426 4670 enim
447 4617 514 4670 haec
536 4617 632 4672 rerba:
660 4619 814 4687 .‚Sapientis
840 4635 945 4687 quoque
971 4620 1020 4674 viri
1047 4620 1205 4674 senteutiam
1232 4622 1334 4688 negatis
1359 4637 1438 4690 posse
1464 4623 1575 4676 11111111
1603 4629 1703 4691 quanto
1729 4623 1815 4690 magis
1841 4624 1907 4677 dei?
1934 4625 2000 4677 Carra

188 4701 307 4767 sapiens,
325 4700 389 4768 quid
407 4701 442 4754 sit
459 4703 587 4769 optimum
605 4703 632 4756 in
650 4706 811 4771 praesentia.
830 4705 907 4768 sciat,
924 4705 995 4759 illins
1012 4705 1144 4759 (1111111111
1160 4719 1238 4758 omne
1256 4721 1382 4773 praesens
1399 4707 1456 4760 sit“

359 4794 631 4860 stomacatione.
651 4795 698 4862 VI,
717 4805 757 4859 aa,
778 4808 806 4851 1:
834 4798 932 4861 ..Adice
951 4814 1032 4857 nune.
1055 4796 1140 4865 qnod
1159 4813 1221 4850 non
1239 4807 1379 4854 externa
1400 4807 1524 4869 cogunt
1540 4800 1617 4864 deos,
1635 4801 1682 4854 sed
1701 4815 1758 4855 sna
1774 4799 1827 4853 iliis
1844 4801 1878 4853 in
1896 4800 1999 4868 legem

187 4886 324 4932 aeterna
340 4877 492 4932 voluntas
511 4885 557 4932 est
593 4880 760 4947 Stauremmt,
784 4896 852 4949 qnae
870 4897 923 4937 nou
941 4889 1087 4936 mutarentz
1109 4882 1199 4949 itaque
1217 4898 1270 4936 nou
1287 4893 1398 4953 possum
1415 4884 1498 4939 videri
1516 4885 1612 4939 facturi
1630 4884 1742 4952 aliquid,
1765 4884 1884 4952 quamvis
1907 4885 2000 4943 nolint

187 4962 260 5030 quia,
278 4961 541 5098 1111111111111111
560 4979 613 5017 nou
630 4974 753 5101 ppssunt
770 4982 942 5035 perseverare
960 4967 1110 5029 voluerunt,
1129 4982 1178 5021 uec
1195 4983 1312 5036 unquam
1329 4970 1407 5036 primi
1424 4970 1528 5025 consilii
1545 4969 1610 5024 deos
1628 4971 1769 5039 paenitse‘

359 5049 421 5115 1³6)
439 5084 450 5100 .
465 5054 499 5101 at
516 5056 617 5114 quaest
666 5090 673 5113 ,
692 5058 737 5115 ³8,
756 5061 778 5104 a.

1764 5146 1783 5203 3
