4380 5602
1087 424 1106 485 8

1011 508 1153 516 .---—-—-
1173 509 1180 513 .

358 621 443 700 Quid
462 624 546 705 quod
564 644 605 689 ne
624 626 844 689 sceleratos
862 624 991 706 quidem
1010 624 1130 689 ameris
1148 623 1252 687 fructu
1271 622 1352 688 deus
1370 620 1541 705 prohibet?
1554 618 1607 703 Η)

357 731 422 798 Sed
440 753 634 815 quamquam
652 733 700 797 ad
718 754 831 797 unum
850 754 981 798 omnes
1004 734 1180 799 homines
1193 729 1244 813 48)
1264 751 1304 795 ex
1322 731 1379 794 illa
1397 731 1597 814 benignitate
1616 731 1738 796 tructus
1756 731 1883 813 aliquos
1900 733 2001 815 perci-

188 842 294 926 piunt,
313 861 376 905 non
394 848 502 906 tamen
520 842 652 925 desunt,
670 842 724 924 qui
743 843 797 923 iis,
815 863 898 924 quae
917 842 1049 925 habent,
1067 863 1130 907 non
1148 842 1288 906 contenti
1306 841 1402 906 deum
1421 841 1638 906 accusandum
1656 846 1779 923 putent.

356 951 511 1015 Nonnulli
530 952 614 1016 enim
642 960 691 1029 „et
710 952 837 1034 quidem
856 953 995 1035 professi
1015 952 1226 1035 sapientiam“
1247 959 1431 1033 queruntur,
1450 951 1535 1032 quod
1557 971 1639 1028 ,non
1657 951 1880 1032 magnitudine
1894 971 2003 1034 cerpo-

188 1082 258 1125 rum
272 1069 412 1142 aequent
425 1061 624 1145 elephantos,
638 1063 810 1127 velocitate
825 1082 950 1143 ceruos,
965 1063 1099 1126 levitate
1114 1081 1202 1145 apes,
1220 1062 1341 1144 impetu
1356 1067 1475 1141 tauros,
1489 1059 1574 1141 qued
1587 1060 1720 1125 solidior
1734 1062 1776 1126 sit
1790 1062 1873 1126 eutis
1888 1061 2004 1144 beluis,

188 1171 352 1235 decentior
369 1170 487 1252 damis,
510 1170 640 1235 densior
658 1172 756 1253 ursis,
775 1171 901 1235 mollier
920 1170 1022 1253 fibris,
1046 1171 1131 1252 quod
1150 1173 1329 1253 sagacitate
1348 1191 1383 1234 se
1402 1170 1529 1234 narium
1547 1188 1646 1234 canes
1663 1171 1809 1254 vineant,
1827 1172 1912 1254 quod
1931 1172 2019 1236 acie

187 1280 343 1344 luminum
361 1279 504 1362 aquilae,
523 1280 629 1362 spatie
646 1281 764 1345 aetatis
783 1281 883 1362 corvi,
903 1282 1004 1345 multa
1022 1281 1178 1345 animalis
1196 1280 1295 1344 nandi
1315 1280 1481 1361 facilitate,
1498 1314 1542 1326 -
1559 1279 1645 1361 quod
1664 1300 1727 1344 nen
1747 1279 1831 1345 bena
1848 1282 2002 1347 valetudo

188 1390 285 1454 etiam
303 1390 392 1454 vitiis
414 1388 675 1471 inexpugnabilis
698 1390 776 1453 data
799 1391 853 1471 sit,
878 1389 963 1471 qued
981 1411 1044 1454 nou
1064 1390 1162 1454 futuri
1182 1391 1328 1455 seientia.
1371 1389 1433 1452 Vix
1451 1387 1512 1453 sibi
1531 1397 1725 1471 temperant,
1749 1391 1826 1472 quin
1845 1411 1882 1456 eo
1901 1411 2003 1474 usquc

188 1498 407 1584 impudentiae
435 1498 666 1581 provehantur,
694 1507 730 1563 ut
756 1507 906 1564 naturam
936 1500 1077 1583 oderint,
1103 1500 1188 1583 quod
1214 1500 1298 1564 intra
1324 1499 1420 1564 deum
1449 1498 1528 1578 sint,
1559 1500 1643 1579 qued
1670 1519 1734 1564 nen
1760 1501 1794 1564 in
1821 1520 1925 1584 aeque
1952 1503 2001 1567 illi
2031 1545 2041 1558 ·

188 1609 358 1673 steterint.“
375 1609 426 1691 ⁴⁹)

356 1719 542 1783 Istiusmodi
564 1718 702 1801 ,iniquis
721 1718 902 1784 divinorum
921 1739 1089 1784 munerum
1108 1717 1387 1782 aestimatoribus“
1409 1717 1533 1782 Seneca
1551 1718 1632 1783 haec
1649 1719 1840 1801 respondet:
1878 1720 2001 1801 ,Garis-

188 1827 286 1891 simos
313 1848 372 1892 nos
398 1827 580 1893 habuerunt
605 1828 639 1892 di
666 1829 863 1893 immortales
890 1828 1087 1911 habentque,
1114 1835 1159 1911 et,
1187 1828 1241 1910 qui
1263 1828 1422 1891 maximus
1445 1826 1542 1891 tribui
1572 1828 1674 1893 hones
1700 1829 1818 1912 potuit,
1850 1829 1892 1894 ab
1922 1832 2002 1914 ipsis

190 1938 351 2020 proximos
369 1939 633 2003 conlocaverunt:
660 1957 798 2019 magna
823 1938 1058 2022 accepimus,
1082 1938 1226 2002 maiora
1245 1959 1320 2002 non
1338 1936 1544 2018 cepimus.“
1560 1936 1612 2018 ⁵⁰)

355 2047 418 2124 Qui
437 2060 513 2112 vere
532 2055 652 2128 negant
670 2047 769 2113 adeo
787 2046 943 2113 beneficia
967 2047 1053 2130 dari,
1081 2067 1136 2111 eos
1155 2048 1201 2110 sic
1219 2047 1339 2111 refutat
1357 2045 1489 2111 Seneca.
1503 2045 1554 2127 ⁵¹)
1594 2048 1685 2125 ,Non
1703 2049 1760 2113 dat
1778 2049 1876 2115 deus“
1898 2050 2002 2133 inquit

191 2155 372 2237 ,beneficia
388 2191 432 2200 -
451 2157 544 2222 Unde
563 2177 639 2238 ergo
658 2157 730 2238 ista,
749 2177 833 2238 quae
850 2158 1024 2241 possides?
1051 2177 1134 2239 quae
1153 2156 1240 2220 das?
1267 2176 1350 2238 quae
1368 2157 1495 2237 negas?
1522 2177 1606 2238 quae
1624 2159 1762 2223 servas?
1787 2180 1870 2242 quae
1887 2161 2002 2245 rapis?

188 2266 274 2331 unde
292 2265 373 2330 haec
390 2264 640 2330 innumerabilia
659 2267 780 2345 oculos,
807 2286 917 2344 aures,
945 2268 1088 2331 animum
1116 2264 1316 2331 mulcentia?
1336 2264 1422 2328 unde
1441 2265 1498 2329 illa
1516 2285 1641 2348 queque
1660 2269 1820 2332 luxuriam
1839 2270 2004 2336 instruens

187 2374 306 2457 copia?
333 2412 375 2420 —-
403 2377 464 2440 Tot
482 2374 615 2440 arbusta
634 2396 698 2440 non
717 2396 779 2439 urm
799 2376 893 2442 mede
912 2377 1082 2459 frugifera,
1107 2381 1152 2440 tet
1174 2373 1295 2438 herbae
1320 2375 1495 2457 salutares,
1521 2381 1567 2439 tot
1590 2376 1765 2442 varietates
1783 2377 1925 2444 ciberum
1944 2401 2003 2463 per

187 2491 286 2547 toturn
307 2504 425 2548 annum
445 2484 606 2567 digestae,
629 2493 664 2549 ut
688 2486 783 2551 inerti
801 2506 926 2567 quoque
945 2486 1077 2549 fortuita
1095 2493 1201 2550 terrae
1218 2484 1373 2548 alimenta
1391 2483 1592 2566 praeberent.
1636 2487 1704 2551 lam
1723 2488 1879 2553 animalia
1898 2491 2003 2554 omnis

187 2592 328 2675 generis,
355 2595 422 2657 ulia
447 2595 482 2658 in
509 2594 592 2658 sicco
620 2595 800 2677 solideque,
827 2595 894 2659 alia
922 2595 955 2659 in
984 2595 1115 2659 humido
1139 2594 1321 2675 nascentia,
1345 2594 1412 2657 alia
1431 2614 1488 2676 per
1507 2593 1644 2658 sublime
1662 2595 1819 2680 demissa,
1844 2606 1879 2662 ut
1897 2600 2002 2664 omnis

187 2722 293 2766 rerum
312 2712 448 2770 naturae
466 2723 543 2787 pers
561 2703 713 2768 tributum
732 2706 863 2788 aliquod
882 2704 975 2770 nobis
993 2705 1159 2770 conferret.
1181 2738 1215 2746 -
1237 2703 1366 2767 Etcum
1385 2703 1458 2785 ista,
1476 2723 1559 2784 quae
1576 2703 1686 2786 habes,
1704 2726 1819 2788 magne
1839 2710 2002 2791 aestimes

188 2813 271 2895 qued
290 2820 338 2877 est
357 2813 475 2894 ingrati
497 2813 647 2896 beminis,
673 2815 754 2879 nulli
776 2813 895 2880 debere
913 2822 944 2879 te
963 2814 1115 2878 iudicas?
1153 2813 1246 2878 Unde
1264 2810 1323 2876 tibi
1342 2813 1447 2895 istum,
1466 2833 1560 2894 quem
1579 2814 1691 2898 trahis,
1711 2817 1886 2899 spiritum?
1915 2819 2001 2884 unde

187 2924 298 3004 istam,
323 2943 381 3006 per
399 2943 495 3005 qnam
519 2931 610 2988 actus
634 2924 721 2988 vitae
746 2931 821 2989 tuae
845 2923 991 3008 disponis
1012 2931 1110 3005 atque
1129 2922 1275 3004 ordinas,
1303 2921 1432 2986 lucem?
1460 2922 1546 2987 unde
1565 2924 1770 3006 sanguinem,
1796 2927 1887 2991 cuius
1906 2948 2000 2992 eursu

186 3031 297 3096 vitalis
315 3033 496 3097 continetur
514 3033 626 3097 calor?
644 3033 730 3098 unde
748 3034 812 3098 ista
832 3035 977 3117 palatum
996 3040 1085 3097 tuum
1105 3030 1274 3115 saporibus
1288 3031 1455 3113 exquisitis
1473 3033 1558 3096 ultra
1576 3033 1760 3097 satietatem
1779 3036 2002 3119 lacessentia?

186 3176 229 3185 —
248 3143 307 3206 llle
325 3142 407 3207 derrs
426 3152 488 3224 est,
512 3142 741 3225 qui-gregibus
759 3143 877 3225 ubique
895 3143 1017 3226 passim
1044 3140 1240 3224 vagantibus
1262 3139 1417 3224 pabulum
1445 3148 1604 3225 praestat,
1631 3143 1685 3224 qui
1712 3162 1834 3225 pascua
1858 3144 2002 3211 bibernis

152 3230 158 3239 ’
186 3251 314 3315 aest-iva
332 3250 506 3335 substituit,
524 3253 578 3334 qui
596 3272 661 3316 non
678 3254 803 3317 calamo
821 3260 947 3317 tantum
967 3260 1099 3317 cantare
1117 3257 1149 3315 et
1167 3258 1297 3332 agreste
1315 3258 1412 3333 atquc
1430 3252 1629 3317 inconditum
1648 3272 1778 3317 carmen
1796 3253 1840 3317 ad
1858 3256 2001 3338 aliquam

186 3369 294 3425 tamen
313 3360 571 3426 observationem
589 3361 750 3426 modulari
767 3362 888 3442 docuit,
912 3361 969 3426 sed
988 3367 1034 3426 tot
1051 3368 1153 3443 artes,
1178 3367 1224 3425 tet
1242 3381 1355 3426 vocum
1374 3361 1564 3444 varietates,
1588 3367 1634 3426 tot
1653 3383 1762 3446 sonos,
1782 3364 1864 3428 alios
1884 3365 2000 3447 spiritu

185 3476 306 3553 nostre,
335 3472 418 3536 alios
436 3478 567 3536 externe
592 3477 707 3536 cantus
725 3471 877 3554 edituros,
904 3477 1102 3537 commentus
1127 3477 1185 3535 cst.
1227 3469 1341 3553 Neque
1361 3470 1446 3535 enim
1463 3477 1574 3535 nestra
1597 3471 1675 3553 ista,
1700 3491 1784 3554 quae
1808 3473 2001 3558 invenimus,

186 3578 320 3663 dixeris,
338 3600 402 3645 non
419 3581 537 3661 magis,
555 3600 652 3662 quarn
670 3579 756 3663 qued
774 3581 959 3664 crescimus,
977 3600 1074 3663 quam
1092 3580 1177 3662 quod
1194 3579 1238 3644 ad
1256 3581 1463 3646 constitutum
1482 3585 1661 3663 temporum
1679 3600 1738 3645 sua
1757 3583 1880 3663 corpori
1895 3583 2001 3649 efficia

187 3859 278 3899 oerum
296 3844 359 3910 tuit,
377 3846 422 3913 qui
440 3845 556 3899 animum
574 3861 655 3913 supra
672 3846 806 3900 sedunam
824 3846 918 3913 gessit,
936 3846 1027 3913 quiin
1045 3845 1207 3899 discendens
1225 3844 1307 3903 civili,
1326 3844 1450 3912 quoniam
1468 3843 1506 3897 ita
1524 3843 1693 3913 expediebat,
1711 3844 1781 3897 uinci
1799 3861 1878 3913 quam
1895 3847 2000 3902 vincere

191 3929 290 3983 meluit.
325 3929 430 3983 Referri
447 3929 486 3983 illi
503 3930 591 3997 gratia
608 3938 663 3984 tum
681 3931 762 3999 lenge
779 3931 866 3999 spatie
885 3945 938 3984 nen
956 3930 1056 3998 potuit:
1075 3931 1102 3983 in
1119 3930 1189 3984 illius
1207 3937 1356 3999 respectum
1374 3930 1424 3983 iste
1441 3930 1540 3997 popule
1557 3928 1718 3996 praesideat,
1736 3945 1790 3983 nen
1808 3931 1870 3998 quia
1888 3932 1938 3986 seit
1955 3942 2001 3986 eut

187 4021 285 4081 potest,
304 4014 351 4066 sed
369 4014 431 4080 quia
449 4015 517 4067 alius
534 4030 583 4081 pre
599 4015 645 4068 ille
663 4015 780 4068 meruit“
816 4015 880 4082 Quis
898 4021 940 4068 est
957 4015 1002 4081 qui
1020 4015 1087 4068 haee
1104 4014 1197 4079 legens
1214 4029 1266 4067 uon
1284 4013 1438 4067 recordetur
1455 4013 1521 4067 illud
1538 4014 1635 4068 veteris
1652 4016 1803 4070 mammasti
1831 4021 1892 4083 ,aet
1911 4019 2001 4071 ποιῶν

127 4161 130 4165 ,
186 4099 261 4159 ἔλεος
279 4103 317 4160 εἰς
329 4095 456 4169 χιλιάδας
474 4104 529 4159 τοῖς
546 4098 677 4169 ἀγαπῶσι
694 4104 740 4153 καὶ
758 4106 815 4160 τοῖς
833 4096 1005 4171 φυλάσσουσι
1025 4098 1059 4151 τὰ
1077 4094 1276 4171 προστάγματά
1292 4104 1368 4168 μου“
1386 4098 1488 4166 (Exed.
1501 4108 1541 4164 34,
1555 4099 1604 4167 7)‘l

356 4182 632 4253 conchensem,
652 4192 692 4247 26,
712 4194 741 4238 1:
769 4183 823 4250 ,Et
846 4183 1023 4238 sceleratis
1045 4184 1093 4237 sel
1115 4184 1227 4238 oritur
1249 4190 1276 4236 et
1297 4184 1390 4250 piratis
1412 4190 1505 4252 patent
1526 4185 1631 4238 marie!
1667 4185 1734 4240 Cum
1752 4201 1804 4253 que
1823 4186 1881 4241 lece
1900 4187 2000 4241 dudum

186 4270 294 4324 luerunt
311 4270 356 4337 qui
374 4278 558 4338 compararent
575 4270 714 4324 salvatoris
732 4269 815 4323 nestri
833 4269 991 4323 sanctissimi
1014 4269 1096 4323 verba
1119 4265 1175 4335 ,ire
1200 4266 1248 4320 rer
1271 4263 1348 4334 ἣλιον
1370 4265 1456 4321 αὑτοῦ
1480 4268 1621 4324 ἀνατέλλει
1642 4270 1690 4324 tul
1708 4269 1847 4343 πονηροὺς
1864 4275 1910 4325 καὶ
1928 4271 2001 4342 ἀγα-

186 4350 264 4424 θούς,
283 4359 329 4408 καὶ
346 4358 435 4426 βρέχει
453 4354 500 4408 ἔπι
518 4356 641 4414 δικαίους
658 4358 705 4407 καὶ
723 4353 861 4413 chetaeos-‘⁴
879 4353 939 4423 (Er.
956 4352 1050 4407 Matth.
1063 4353 1096 4417 V,
1114 4357 1168 4420 45.)

354 4442 401 4507 48)
419 4438 459 4491 De
478 4437 563 4492 benef.
581 4438 627 4505 IV,
646 4448 686 4503 aa,
705 4448 734 4493 a:
762 4438 858 4504 „Deus
877 4453 981 4506 queque
1000 4437 1129 4506 quaedam
1146 4452 1257 4492 munera
1273 4438 1397 4492 universo
1414 4438 1531 4493 humane
1548 4441 1649 4506 generi·
1658 4440 1742 4506 dedit,
1762 4441 1891 4508 aquibus
1910 4443 2000 4496 exclu-

186 4524 258 4578 ditur
275 4530 376 4576 nemo.“
413 4523 479 4577 lbid.
497 4533 520 4577 ι.
538 4532 567 4576 a:
594 4525 676 4592 „Quis
693 4531 734 4579 est
750 4531 839 4579 autem
860 4532 915 4577 tam
938 4524 1029 4589 miser,
1051 4530 1106 4576 tam
1130 4522 1278 4589 neglectus,
1299 4505 1435 4588 quis'tam
1457 4522 1524 4577 dure
1541 4524 1597 4578 fate
1614 4532 1642 4578 et
1659 4526 1687 4578 in
1704 4541 1816 4594 poenam
1834 4527 1952 4594 genitus,
1971 4535 2001 4581 ut

187 4625 240 4664 uon
257 4616 358 4664 mutam
377 4608 487 4662 deorum
509 4608 716 4663 munificentiam
738 4610 870 4663 senserit?
905 4610 982 4678 Ipses
1005 4608 1064 4662 illes
1086 4607 1281 4675 complorantes
1303 4613 1401 4661 sermm
1422 4623 1497 4661 suam
1520 4617 1547 4662 et
1569 4611 1694 4676 querulos
1717 4611 1903 4680 circumspice:
1927 4613 1999 4665 inre·

186 4694 244 4748 nies
261 4707 314 4747 nen
332 4706 366 4745 ex
383 4699 440 4745 tote
458 4692 646 4747 beneficiorum
664 4694 817 4749 caelestium
839 4700 974 4762 expertes,
999 4694 1129 4747 nemiuem
1151 4707 1220 4756 esse,
1244 4692 1278 4746 ad
1301 4707 1379 4760 quem
1402 4707 1455 4747 non
1477 4693 1577 4761 aliquid
1594 4709 1628 4747 ex
1644 4695 1691 4750 ille
1713 4696 1904 4766 benignissime
1927 4695 2000 4748 teuta

187 4778 357 4834 manaverit·‘

357 4867 403 4930 49)
420 4863 463 4916 De
482 4864 569 4916 benet.
587 4863 623 4925 ΙΙ,
643 4870 682 4925 ab,
704 4873 765 4929 lsq.

357 4953 403 5015 50)
422 4948 487 5002 lbid.
504 4953 526 5016 ξ.
541 4957 563 5002 6.
582 4979 614 4988 -
632 4948 665 5001 et.
685 4952 706 5015 ς’.
718 4955 748 5000 3:
776 4948 926 5014 „Quidquid
945 4949 1024 5003 nobis
1042 4956 1166 5017 negatum
1185 4956 1237 5013 est,
1254 4948 1313 5002 dari
1331 4964 1384 5002 nen
1402 4948 1511 5016 potone

357 5032 677 5099 repeteremus.
698 5042 758 5098 lsq.
789 5041 812 5095 o,
832 5041 854 5085 3.
873 5042 936 5100 esq.
