4380 5602
1016 522 1028 528 ..
1092 438 1111 497 2
1133 523 1184 527 -.-

196 636 346 718 opinione
365 636 398 700 in
417 635 534 700 animis
554 636 783 718 Romanorum,
807 657 847 701 ex
866 657 929 719 quo
952 639 1084 703 assidue
1099 636 1323 721 philosophiae
1342 639 1487 703 Graecae
1505 659 1634 722 operam
1653 639 1732 705 dare
1750 648 1936 724 coeperant,
1953 643 2006 706 vel

195 744 319 808 minuta
348 746 400 810 vel
426 765 558 828 prorsus
585 742 783 827 exstincta²)
811 753 843 811 et
868 747 909 812 de
933 748 1075 813 moribus
1102 769 1210 813 corum
1235 747 1423 830 depravatis
1447 749 1655 832 accipiantur.
1699 749 1778 815 (lum
1807 749 1892 815 euim
1918 751 2008 834 apud

196 852 339 918 Graecos
358 853 424 918 alia
441 853 702 938 philosophomm
721 855 895 939 disciplina
914 858 1091 941 excepisset
1108 858 1207 922 aliam
1226 877 1286 922 nec
1302 864 1409 922 tamen
1427 859 1495 922 ulla
1514 858 1546 922 id
1564 859 1650 941 quod
1667 880 1780 925 verum
1797 866 1847 925 est
1865 860 2007 943 reperire

194 963 365 1045 potuisset,
391 962 460 1029 fieri
485 983 549 1028 non
575 964 692 1047 potuit,
715 967 793 1047 quin
812 967 903 1031 multi
921 967 962 1032 de
980 988 1056 1032 vero
1080 967 1275 1033 inveniendo
1293 987 1424 1050 prorsus
1443 967 1655 1050 desperantes
1673 990 1742 1051 eas,
1768 989 1850 1052 quas
1869 989 1889 1033 a
1907 970 2006 1034 maio-

195 1069 283 1136 ribus
301 1080 505 1155 acceperant,
524 1073 564 1137 de
582 1074 634 1138 dis
651 1075 819 1157 opiniones
837 1097 968 1159 prorsus
986 1077 1160 1142 abicerent.

362 1182 467 1264 Atque
481 1183 579 1247 etiam
597 1183 680 1249 inter
694 1185 855 1251 Romanos
873 1187 1015 1268 luerunt,
1033 1187 1087 1268 qui
1100 1188 1289 1270 popularem
1304 1186 1492 1268 religionem
1507 1207 1602 1269 quam
1617 1189 1756 1254 maxime
1771 1189 2007 1272 impugnarent.

194 1289 303 1355 Veluti
322 1291 355 1354 P.
375 1292 544 1356 Lucretius
563 1290 663 1358 Oaros
686 1296 827 1360 carmine
845 1296 910 1361 odii
934 1296 967 1360 iu
992 1298 1129 1361 usitatas
1149 1303 1382 1378 perceptasque
1401 1297 1601 1377 cognitiones
1624 1298 1756 1363 deorum
1775 1298 2005 1382 plenissimo⁸)

195 1399 367 1482 Epicurum
386 1403 521 1466 summis
535 1402 686 1468 laudibus
704 1407 827 1470 extulit.
855 1404 934 1470 (lum
949 1406 1033 1470 euim
1056 1406 1215 1485 ,humana
1234 1406 1302 1469 vita
1319 1405 1413 1471 ioede
1431 1406 1552 1470 iaceret
1570 1427 1724 1490 oppressa
1742 1409 1834 1490 gravi
1854 1408 1913 1473 sub
1932 1411 2004 1475 reli-

193 1508 324 1591 gione“,
341 1530 402 1592 quo
421 1512 578 1577 vocabulo
597 1520 693 1596 poeta
710 1515 766 1579 ille
783 1516 938 1579 usitatum
957 1515 1089 1581 deorum
1109 1517 1228 1580 cultum
1247 1514 1418 1596 significat,
1442 1534 1515 1579 eum
1535 1516 1631 1580 istam
1650 1517 1839 1598 religionem
1858 1517 2004 1584 obterere

135 1646 144 1657 ’
193 1638 308 1684 ausum
345 1627 377 1685 et
412 1628 530 1687 natura
565 1625 799 1706 perscrutanda
833 1624 874 1690 de
908 1645 1026 1706 genere
1067 1624 1206 1689 humano
1243 1624 1465 1689 immortaliter
1504 1644 1576 1690 esse
1610 1628 1758 1691 meritum
1794 1627 2004 1710 praedicavit.

194 1725 232 1807 (Ι.
250 1749 278 1792 ν.
296 1727 453 1813 [tt-79.)
498 1730 563 1798 Sed
591 1753 632 1798 ue
659 1733 736 1815 quid
763 1733 813 1799 bis
842 1733 992 1798 laudibus
1019 1734 1241 1799 invidiaeaut
1264 1734 1406 1798 criminis
1429 1733 1565 1816 subiret,
1592 1735 1760 1800 Lucretius
1778 1735 1860 1802 haec
1878 1738 2004 1821 putavit

192 1837 364 1904 adicienda
391 1839 447 1924 (ib.
467 1863 495 1905 v,
514 1845 553 1906 80
565 1840 660 1925 sqq.):

616 1951 702 2017 illud
720 1953 753 2016 in
770 1951 821 2015 his
839 1952 935 2017 rebus
953 1972 1074 2035 vereor,
1092 1973 1132 2017 ue
1151 1953 1232 2016 iorte
1251 1951 1354 2017 rearis

614 2063 717 2144 Impia
736 2069 768 2126 te
786 2062 920 2126 rationis
939 2063 1022 2127 inire
1041 2063 1201 2127 elementa
1219 2060 1369 2143 viamque

612 2171 786 2252 indugredi
806 2173 950 2251 sceleris,
969 2171 1053 2252 quod
1070 2179 1181 2235 contra
1200 2171 1331 2253 saepius
1350 2170 1408 2234 illu

618 2281 773 2362 Religio
800 2283 952 2365 peperit
981 2282 1181 2345 scelerosa
1209 2285 1329 2362 atquc
1357 2281 1476 2363 impia
1503 2281 1624 2344 lacta.

361 2385 440 2451 Eius
468 2389 513 2453 rei
540 2392 722 2473 exemplum
747 2398 914 2474 postquam
934 2389 1135 2474 Iphigeniam
1154 2390 1282 2454 Dianae
1301 2387 1343 2452 ab
1363 2388 1606 2470 Agamemnone
1625 2397 1798 2454 mactatam
1817 2391 1938 2476 attulit,
1957 2394 2004 2458 sic

191 2495 352 2560 exclamat
370 2496 412 2580 (v.
429 2494 521 2579 toll:

657 2611 819 2675 Tantum
839 2610 980 2690 religio
998 2609 1128 2691 potuit
1146 2609 1312 2673 suadere
1330 2610 1530 2673 malorum.

360 2716 466 2781 Possit
484 2717 603 2799 aliquis
619 2740 689 2800 eos,
715 2740 795 2802 quos
816 2720 924 2802 attuli,
947 2739 1060 2783 versus
1082 2718 1129 2783 ita
1152 2719 1370 2800 interpretari,
1394 2724 1429 2783 ut
1448 2718 1632 2783 Lucretium
1660 2719 1782 2782 solam
1811 2721 2001 2802 supersti-

192 2824 334 2889 tionem
363 2827 502 2892 evellere
531 2847 570 2891 ex
598 2827 761 2894 hominum
788 2829 906 2894 animis
924 2829 1065 2893 voluisse
1083 2828 1179 2893 dicat.
1223 2826 1287 2893 Sed
1306 2827 1392 2909 quod
1413 2826 1499 2892 idem
1518 2832 1614 2910 poeta
1632 2827 1765 2892 deorum
1782 2833 1889 2892 mente
1904 2834 2002 2911 atque

192 2939 316 3003 ratione
334 2956 460 3000 omnem
478 2937 632 3002 muudum
650 2939 871 3005 administrari
890 2946 922 3003 et
939 2939 1008 3020 regi
1032 2946 1128 3020 atque
1151 2936 1193 3001 ab
1215 2937 1338 3003 eisdem
1357 2935 1520 3001 homiuum
1538 2936 1626 3000 vitae
1645 2936 1768 3001 consuli
1788 2944 1820 3001 et
1839 2937 2001 3019 provideri

191 3048 339 3131 negavit:
366 3066 474 3111 noune
492 3050 584 3113 multi
602 3049 672 3113 iure
690 3049 840 3113 videntur
859 3048 934 3113 inde
953 3048 1135 3131 collegisse,
1154 3067 1226 3112 eum
1254 3048 1401 3111 nullam
1423 3046 1582 3111 deorum
1607 3045 1832 3128 opinionem
1856 3046 2002 3112 iecisse

191 3157 409 3240 reliquam?

359 3266 432 3331 Non
451 3267 565 3331 eodem
582 3267 682 3330 animi
700 3267 815 3333 ardore
834 3275 930 3350 atque
950 3268 1132 3350 Lucretius,
1158 3266 1216 3332 sed
1242 3265 1381 3330 audacia
1404 3265 1527 3329 maiore
1550 3264 1610 3328 init
1628 3263 1662 3328 O.
1680 3264 1805 3329 Plinius
1823 3262 2001 3344 Secundus,

190 3376 345 3442 historiae
364 3377 523 3441 naturalis
541 3377 685 3458 scriptor.
728 3377 761 3440 Is
779 3377 865 3442 enim
890 3397 960 3441 eum
985 3377 1041 3441 diu
1065 3379 1263 3458 multumque
1281 3375 1398 3440 litteris
1416 3393 1547 3458 operam
1565 3373 1724 3456 dedisset,
1742 3372 1826 3437 hunc
1844 3374 1918 3439 tulit
1937 3381 2001 3438 stu-

190 3487 315 3552 diorum
333 3487 484 3568 lructum‚
503 3492 537 3550 ut
557 3486 663 3549 nullos
681 3484 760 3549 deos
777 3506 849 3551 esse
868 3485 929 3551 sibi
946 3485 1166 3570 persuaderet.
1210 3484 1349 3568 Solum,
1377 3484 1493 3566 inquit,
1522 3489 1669 3548 certum
1693 3490 1768 3564 est,
1795 3481 1895 3546 nihil
1915 3502 2001 3547 esse

190 3597 288 3662 certi
314 3615 383 3661 uec
410 3595 616 3679 quicquam
644 3595 829 3661 miserius
855 3588 1009 3662 homine
1040 3593 1120 3678 (nat.
1137 3594 1211 3660 hist.
1229 3599 1257 3678 2,
1276 3593 1342 3676 25).

358 3704 524 3770 Eiusmodi
543 3725 618 3770 vero
637 3706 814 3770 doctrinam
839 3714 993 3788 quantam
1017 3705 1082 3769 vim
1106 3703 1258 3769 habuisse
1282 3703 1483 3769 censebimus
1500 3703 1543 3767 ad
1562 3702 1724 3767 hominum
1743 3699 1869 3765 animos
1886 3700 2000 3783 depra-

190 3816 327 3896 vandos,
355 3817 382 3879 si
401 3814 530 3898 quidem
549 3815 591 3896 is,
619 3816 673 3896 qui
701 3815 780 3880 deos
806 3836 870 3879 non
898 3814 1013 3896 credit,
1031 3815 1111 3879 nihil
1130 3813 1239 3896 habet,
1262 3835 1324 3897 quo
1342 3834 1363 3878 a
1379 3812 1545 3896 peccando
1563 3808 1792 3877 deterreatur?
1823 3809 2000 3873 Luculento

189 3926 249 3990 hoc
281 3924 427 4008 probavit
457 3926 601 4007 exemplo
629 3924 661 3989 (l.
688 3924 871 4006 Petronius,
898 3924 1004 4006 isqui
1032 3925 1120 4007 apud
1147 3925 1322 4006 Neronem,
1348 3943 1369 3987 a
1395 3945 1458 4007 quo
1484 3929 1613 4006 propter
1640 3919 1801 3986 eruditum
1829 3920 1940 3983 luxum
1968 3926 2001 3982 et

189 4035 355 4102 scientiam
374 4036 574 4116 voluptatum
593 4035 828 4115 elegantiarum
846 4033 967 4098 arbiter
983 4041 1169 4117 assumptus
1187 4040 1270 4113 erat,
1292 4032 1494 4114 aliquamdiu
1512 4030 1619 4113 gratia
1637 4029 1751 4095 floruit.
1766 4024 1796 4110 4)
1841 4027 1903 4106 Qui
1928 4046 2000 4091 cum

187 4255 350 4338 patefacta
368 4259 537 4337 postquam
557 4272 592 4316 se
609 4272 735 4334 quoque
753 4253 870 4336 capitis
888 4253 1076 4317 damnatum
1103 4252 1143 4316 iri
1169 4252 1343 4334 intellexit,
1370 4260 1405 4315 ut
1431 4269 1569 4334 poenam
1592 4253 1824 4325 anteverteret,
1850 4246 1920 4329 ipse
1939 4244 2000 4311 sibi

292 4389 442 4396 ——.——-

357 4455 384 4520 2)
410 4452 469 4505 Huc
487 4453 632 4520 pertinent,
650 4468 718 4520 quae
736 4451 808 4521 apud
825 4452 929 4506 Livium
947 4453 1083 4517 leguntur:
1110 4451 1160 4515 lll,
1179 4460 1219 4515 20,
1238 4460 1269 4505 t:
1296 4452 1347 4505 Sed
1366 4449 1483 4503 nondum
1501 4449 1592 4513 haec,
1620 4463 1701 4516 quae
1719 4465 1804 4502 nunc
1820 4455 1912 4502 tenet
1928 4461 2000 4502 sae-

187 4539 308 4601 culum,
327 4537 538 4604 neglegentia
551 4537 642 4591 deum
656 4544 777 4603 venerat3
793 4537 878 4602 ibeo,
891 4547 929 4591 10.
947 4536 1054 4591 iuvenis
1071 4542 1149 4590 ante
1168 4536 1356 4590 doctrinam
1374 4536 1452 4590 deos
1469 4541 1682 4604 spernentem
1702 4533 1998 4589 natus-Evenerat

186 4624 280 4693 igitur,
298 4621 369 4690 quod
383 4628 538 4676 eventurum
552 4637 611 4676 esse
626 4620 668 4675 his
685 4622 772 4676 verbis
787 4623 853 4676 Cato
868 4621 1025 4675 vaticinatus
1042 4626 1115 4674 erat:
1135 4619 1208 4687 ,Hoc
1226 4626 1291 4688 puta
1309 4626 1394 4673 samm
1412 4620 1524 4674 dixisse:
1548 4619 1764 4687 Quandocunque
1783 4620 1836 4673 ista
1852 4632 1918 4686 gens
1936 4630 1998 4670 suas

186 4709 289 4763 litteras
305 4704 392 4770 dabit,
410 4708 498 4760 omnia
515 4714 689 4774 corrumpet.“
1078 4764 1081 4771 ,

355 4794 383 4859 t)
401 4791 450 4845 llis
468 4792 555 4845 verbis
574 4792 644 4858 apud
664 4791 818 4846 Ciceronem
835 4791 881 4859 (dc
899 4797 954 4844 nat.
970 4788 1042 4843 deor.
1061 4790 1086 4852 1,
1107 4798 1146 4854 14,
1161 4791 1207 4856 36)
1226 4788 1256 4844 C.
1273 4789 1392 4844 Velleius
1410 4788 1557 4857 Epicureus
1576 4788 1670 4851 utitur,
1689 4802 1742 4856 qno
1759 4788 1819 4842 loco
1837 4800 1937 4851 eorum,
1954 4785 2000 4852 qai

186 4885 248 4930 ante
266 4877 412 4945 Epicurum
428 4877 547 4941 fuerunt,
566 4874 783 4945 philosophorum
800 4891 939 4930 censuram
957 4874 1018 4942 agit

356 4963 385 5028 4)
403 4959 486 5014 Tacit
503 4960 536 5013 ab
554 4974 610 5012 exc.
628 4960 653 5013 d.
687 4962 755 5029 Aug.
773 4959 852 5025 XVl,
873 4967 911 5013 18.

356 5048 384 5113 5)
402 5043 486 5098 Tacit.
503 5044 554 5098 ih:
583 5043 640 5109 „llli
657 5045 715 5098 dics
732 5060 781 5113 per
796 5059 929 5110 somnum,
947 5059 1001 5098 nox
1019 5043 1114 5098 officiis
1132 5051 1159 5097 et
1176 5043 1374 5097 oblectamentis
1392 5042 1462 5096 vitae
1480 5041 1698 5109 mansigebctuffl.
1777 5042 1788 5062 ‘
