4380 5602
1066 480 1104 541 13

180 686 304 752 Seneca
322 685 363 750 de
382 684 510 748 servis
528 681 707 748 tractandis
725 682 819 762 longe
837 683 934 748 aliter
951 691 1060 751 censet
1078 691 1175 765 atque
1192 684 1366 767 populares
1383 682 1454 746 eius
1472 687 1504 745 et
1522 679 1650 744 Graeci.
1691 679 1729 743 ln
1746 679 1886 762 epistula
1904 679 1990 745 enim

179 795 430 879 quadragesima
447 792 597 875 septima,
622 811 707 873 quae
725 798 792 854 tota
810 799 958 857 versatur
975 795 1009 858 in
1027 792 1089 858 hac
1106 813 1141 858 re
1159 792 1363 876 exponenda,
1390 791 1550 855 Lucilium
1577 789 1717 853 amioum
1742 796 1773 852 et
1796 807 1992 871 magnopere

179 904 306 987 laudat,
333 904 418 987 quod
436 901 639 968 familiariter
662 921 733 965 eum
758 901 861 964 servis
883 902 986 985 vivat,
1013 910 1046 968 et
1070 903 1214 985 graviter
1240 904 1405 983 admonet,
1433 906 1468 965 ut
1495 899 1578 964 idem
1606 898 1713 964 lacere
1739 906 1862 982 pergat.
1906 899 1991 965 Nam

179 1035 290 1080 servos
315 1034 441 1096 quoque
467 1013 546 1077 dicit
572 1012 717 1076 homines
743 1029 829 1091 esse,
861 1011 959 1077 immo
988 1013 1146 1095 amieos,
1177 1032 1370 1096 quamquam
1402 1011 1548 1076 humiles.
1573 1044 1617 1054 —
1643 1008 1701 1073 Vir
1727 1007 1859 1091 sapiens
1885 1008 1992 1090 igitur,

179 1125 307 1207 qualem
325 1122 450 1189 Seneca
472 1129 580 1188 mente
603 1121 761 1203 concepit,
785 1139 881 1202 quam
907 1122 1055 1204 plurimis
1080 1123 1234 1206 prodesse
1261 1121 1383 1204 studet,
1410 1122 1456 1186 ita
1482 1126 1605 1202 tamen,
1632 1126 1681 1200 ut,
1707 1138 1783 1182 num
1811 1118 1888 1200 quid
1912 1120 1991 1184 lueri

179 1238 304 1301 laturus
322 1235 377 1316 sit,
395 1252 458 1298 non
477 1227 641 1311 01110199),
664 1230 841 1312 ingratos
859 1250 984 1312 quoque
1002 1231 1159 1297 adiuvare
1177 1238 1292 1315 pergat
1306 1229 1367 1314 99),
1391 1251 1430 1296 ac
1447 1251 1489 1296 ne
1506 1231 1540 1294 in
1559 1230 1682 1295 malos
1699 1228 1829 1312 quidem
1848 1227 1991 1292 eonferre

178 1344 333 1411 beneficia
351 1348 511 1425 gravetur.
525 1339 577 1424 99)

350 1453 457 1532 ,Haec
474 1450 622 1516 faciendo
641 1457 672 1514 et
690 1449 794 1512 malos
811 1449 969 1530 pertinaci
988 1448 1133 1515 bonitate
1151 1451 1268 1516 vineit“
1285 1448 1336 1532 99)
1356 1458 1388 1516 01
1406 1451 1476 1534 ipse
1494 1451 1572 1516 felix
1588 1447 1631 1514 fit.
1646 1446 1717 1528 999)

348 1561 460 1640 Quid?
487 1561 537 1626 Ne
556 1559 703 1625 inimicos
721 1556 849 1638 quidem
868 1558 972 1623 fructu
995 1560 1140 1624 caritatis
1163 1580 1242 1626 suae
1265 1560 1483 1626 excludendos
1505 1565 1606 1644 putat.
1650 1557 1723 1637 Qua
1746 1557 1874 1639 quidem
1899 1557 1932 1621 in
1957 1579 1991 1622 re

180 1680 377 1756 quantopere
395 1671 539 1737 Senecae
557 1667 718 1734 sententia
736 1685 757 1730 a
773 1667 983 1750 popularibus
1002 1677 1034 1735 et
1051 1668 1201 1751 Graecis,
1218 1691 1259 1736 ne
1277 1671 1393 1736 Stoicis
1410 1670 1540 1753 quidem
1559 1669 1715 1752 exceptis,
1733 1667 1877 1749 differat,
1895 1667 1991 1731 facile

180 1781 290 1847 estad
308 1779 570 1862 intellegendum.
614 1776 753 1861 cyrum
781 1777 911 1858 quidem
936 1778 1092 1843 minorem
1116 1787 1227 1845 notum
1250 1787 1299 1845 est
1326 1781 1423 1862 (Xan.
1440 1781 1501 1845 An.
1515 1780 1539 1859 Ι,
1554 1783 1583 1862 9,
1600 1777 1692 1859 illa
1715 1777 1766 1841 dis
1787 1776 1933 1859 petiisse,
1957 1785 1992 1842 nt

180 1890 242 1955 sibi
270 1890 393 1955 tamdiu
421 1889 531 1954 vivere
557 1888 684 1969 liceret,
711 1886 787 1950 dum
816 1895 848 1951 et
874 1887 1021 1952 inimicos
1045 1888 1173 1953 iniuriis
1199 1899 1232 1954 et
1258 1891 1379 1955 amicos
1405 1888 1569 1955 benefieiis
1592 1885 1770 1952 referendis
1798 1895 1992 1970 superasset.

182 2000 293 2064 Plato
321 1999 462 2065 Graecos
480 2005 594 2081 putare
617 1995 771 2079 affirmat,
793 1997 855 2061 viri
883 1997 1010 2062 honesti
1036 2019 1108 2064 esse
1135 1998 1273 2064 amicis
1296 1998 1452 2065 beneficia
1475 1997 1632 2079 tribuere,
1661 1996 1844 2060 inimicos
1871 1994 1991 2059 ulcisci.

181 2109 249 2174 Neo
274 2109 381 2173 minus
407 2107 649 2173 Aristoteles
676 2107 709 2169 in
729 2105 833 2170 virum
852 2105 969 2171 bonum
989 2116 1086 2190 atque
1104 2108 1272 2173 honestum
1298 2111 1414 2176 cadere
1434 2109 1526 2192 dicit,
1549 2128 1621 2172 oum
1644 2105 1784 2170 inimicis
1801 2105 1835 2169 in
1852 2104 1990 2186 gratiam

180 2237 243 2283 non
262 2218 382 2300 redire,
401 2218 459 2284 sed
478 2199 653 2282 vindictam
672 2214 714 2279 ab
732 2215 774 2279 iis
792 2235 928 2280 sumere.
968 2216 997 2280 A
1016 2237 1149 2298 quorum
1169 2219 1330 2284 sententia
1348 2220 1442 2301 longe
1460 2218 1599 2285 discedit
1617 2216 1755 2297 Seneca,
1778 2235 1849 2279 curn
1874 2215 1990 2280 etiam

181 2327 364 2392 inimicos
385 2325 570 2392 amandos
588 2345 660 2390 esse
679 2324 781 2389 doc-et.

349 2438 439 2515 ,Non
455 2444 490 2500 ut
504 2436 537 2500 in
551 2432 724 2515 beneficiis,
737 2434 855 2516 inquit¹
864 2432 927 2519 99),
940 2434 1108 2500 honestum
1121 2443 1172 2501 est
1184 2437 1299 2503 merita
1313 2438 1437 2503 meritis
1450 2458 1632 2522 repensare,
1645 2443 1692 2507 ita
1706 2443 1843 2509 iniurias
1856 2443 1992 2510 iniuriis.

180 2546 251 2611 Illic
269 2545 354 2611 vinei
373 2554 467 2630 turpe
486 2551 543 2626 est,
563 2543 614 2607 hie
631 2541 770 2607 vincere.
797 2542 1052 2609 Inhumanum
1070 2545 1203 2611 verbum
1219 2553 1269 2611 est
1281 2582 1324 2592 —-
1337 2548 1468 2612 ultio“.
1495 2547 1586 2614 Idem
1600 2552 1665 2618 alio
1679 2553 1748 2617 loco
1763 2553 1850 2636 999);
1872 2576 1991 2638 ,usque

179 2657 223 2723 ad
251 2657 398 2722 ultimum
426 2655 514 2720 vitae
540 2652 635 2717 finem
662 2651 695 2715 in
724 2658 797 2716 actu
825 2653 953 2737 erimus,
980 2675 1043 2719 non
1071 2655 1257 2721 desinemus
1275 2657 1435 2722 communi
1456 2656 1538 2724 bono
1556 2681 1688 2744 operam
1715 2663 1808 2745 dare,
1834 2665 1991 2732 adiuvare

180 2767 339 2850 singulos,
357 2785 464 2849 opern
484 2763 587 2828 terre
607 2760 723 2825 etiam
742 2761 916 2827 inimicis
934 2764 1051 2829 senili
1070 2766 1213 2830 manu.“
1230 2762 1302 2847 999)

347 2874 390 2940 Ut
414 2881 520 2938 autern
541 2870 679 2935 inimicis
702 2870 861 2955 ignoscat,
888 2893 926 2938 eo
953 2874 1155 2957 potissimum
1182 2877 1324 2959 sapiens
1339 2876 1524 2960 adducitur,
1550 2879 1636 2960 quod
1663 2880 1768 2963 ipsum
1796 2903 1831 2948 se
1857 2885 1991 2950 multum

179 3005 331 3069 peccasse
349 3005 412 3049 non
431 2984 566 3064 ignorat.
613 2987 764 3070 ,Nemo,
781 2983 884 3066 inquit
902 2982 1122 3068 8011000999),
1140 2985 1384 3069 invenietur,
1410 2987 1535 3069 quise
1558 2990 1684 3070 possit
1710 2990 1934 3078 absolvere,
1960 3003 1992 3061 et

180 3097 428 3161 innocentem
447 3095 582 3177 quisque
600 3116 636 3160 se
654 3095 732 3161 dicit
750 3093 928 3179 respiciens
945 3100 1100 3178 testem,
1123 3115 1186 3161 non
1205 3095 1502 3161 conscientiam.
1546 3095 1674 3175 Quanto
1692 3098 1865 3167 humanius
1882 3104 1992 3170 mitem

180 3212 213 3270 et
229 3203 369 3287 patrium
388 3203 530 3268 animum
550 3212 716 3288 praestare
734 3203 943 3289 pensantibus
960 3210 991 3269 et
1010 3203 1083 3268 illos
1100 3224 1164 3269 non
1182 3205 1347 3288 persequi,
1365 3204 1423 3270 sed
1441 3209 1620 3272 revocare“

347 3311 412 3377 Sed
435 3311 528 3397 haec,
560 3334 643 3397 quae
668 3314 794 3380 Seneca
820 3313 989 3398 praeeipit,
1021 3320 1113 3378 tanta
1140 3322 1228 3397 sunt,
1260 3333 1343 3399 quae
1368 3315 1438 3379 sine
1469 3315 1616 3382 adiutore
1642 3319 1774 3403 sapiens
1800 3342 1863 3387 non
1890 3325 1993 3406 possit

180 3421 341 3507 perficere.
372 3423 456 3486 Nam
479 3420 927 3505 ,001110,111ᾳυίῐί110999),“
948 3441 1017 3507 per
1036 3443 1076 3488 se
1095 3424 1193 3488 satis
1211 3424 1330 3506 valet,
1354 3430 1388 3489 ut
1407 3432 1566 3508 emergat,
1583 3433 1707 3509 oportet
1725 3449 1856 3495 manum
1874 3433 1993 3516 aliquis

184 3543 425 3550 -—-...-—

351 3591 397 3654 00)
415 3587 457 3640 De
476 3587 561 3641 benef.
575 3587 599 3643 l.
621 3598 642 3651 1,
663 3597 707 3640 tn:
732 3587 805 3652 „Hoc
823 3597 850 3641 et
866 3588 955 3656 magni
974 3587 1054 3641 animi
1071 3596 1097 3641 et
1115 3588 1178 3641 boni
1195 3589 1331 3656 proprium
1349 3599 1401 3653 est,
1419 3603 1472 3643 non
1490 3591 1633 3644 lruetum
1651 3592 1892 3650 beneficiorum
1910 3599 1993 3666 sequi.

180 3673 227 3726 sed
249 3672 332 3740 ipsa,
354 3680 381 3725 et
402 3679 463 3740 post
479 3673 563 3726 malos
581 3686 685 3740 qnoque
704 3673 802 3726 bonnm
820 3680 973 3740 quaerere.“
1009 3673 1220 3741 comparandum
1238 3680 1326 3727 autem
1343 3673 1409 3728 illud
1427 3682 1481 3741 est,
1503 3674 1573 3742 quod
1591 3675 1667 3732 lesus
1683 3678 1804 3735 Christus
1821 3680 1902 3737 dixit:
1928 3681 1994 3736 Ἐὰν

180 3756 234 3828 γὰρ
250 3754 410 3827 ἀγαπήσητε
428 3756 491 3817 τοὺς
509 3756 678 3826 ἀγαπῶντας
696 3755 776 3828 ὑμᾶς,
795 3762 857 3812 τίνα
874 3759 981 3830 μισθὸν
997 3760 1088 3829 {gem
1115 3757 1176 3825 (Er.
1193 3757 1286 3812 nach.
1299 3757 1333 3824 V,
1352 3763 1406 3828 40.)

348 3848 395 3911 at)
413 3842 453 3895 lte
471 3842 557 3896 henel.
575 3841 621 3906 lv,
641 3850 681 3905 10,
701 3852 729 3895 1:
756 3843 800 3908 „Si
816 3843 882 3897 deos
900 3843 1018 3899 imitaris.
1036 3843 1070 3909 da
1088 3850 1115 3895 et
1131 3842 1242 3909 ingratia
1260 3843 1441 3897 beneficium*

348 3929 395 3993 00)
413 3926 455 3979 Ι)0
473 3926 558 3980 benet.
576 3926 622 3986 lV.
641 3936 681 3991 aa,
702 3938 729 3980 t:
756 3928 859 3993 „Satius
877 3935 918 3982 est
935 3934 1023 3981 eutem
1041 3927 1168 3995 prodesse
1185 3927 1265 3981 etiam
1284 3927 1360 3980 melis
1378 3936 1487 3995 propter
1498 3929 1584 3984 bonos
1596 3946 1675 3999 quam
1688 3933 1767 3988 bonis
1779 3934 1871 3990 deesse
1884 3944 1993 4006 propter

180 4013 293 4077 meloe“;
310 4011 344 4066 of.
362 4011 425 4065 ibid.
444 4020 484 4076 aa,
505 4023 526 4065 1.
544 4042 577 4052 -
596 4012 635 4076 11,
656 4025 683 4076 1,
703 4023 748 4066 11:
776 4013 876 4081 ..Quam
895 4012 970 4066 multi
988 4011 1089 4079 indigui
1107 4011 1166 4065 luce
1184 4021 1258 4075 sunt,
1275 4019 1408 4066 ettamen
1425 4013 1483 4067 dies
1500 4015 1600 4068 oritur“
1617 4023 1667 4069 oet

350 4101 397 4166 00)
415 4097 457 4150 De
475 4097 564 4151 benet.
581 4095 649 4157 vlt.
669 4107 713 4161 01,
733 4108 761 4150 1:
790 4097 862 4160 „Nee
880 4097 1018 4164 qnisquam
1036 4103 1090 4150 tarn
1113 4097 1174 4150 duri
1191 4097 1333 4164 infestique
1350 4096 1477 4152 adversm
1495 4099 1630 4166 diligenda
1647 4102 1728 4155 animi
1746 4109 1798 4160 est.
1821 4110 1851 4157 ut
1868 4104 1947 4158 etiam
1965 4106 1992 4158 in

179 4183 302 4238 iniuriam
321 4182 408 4237 bonos
425 4180 464 4249 (h.
482 4197 504 4234 0.
522 4197 576 4237 eos.
594 4183 639 4250 qui
658 4183 719 4236 boni
737 4190 800 4236 sunt
817 4183 844 4236 in
862 4197 916 4243 eos,
934 4181 1064 4248 aquibus
1081 4183 1204 4236 iniuriam
1227 4185 1404 4250 aeceperunt)
1421 4197 1474 4237 uon
1492 4191 1573 4246 amet,
1597 4185 1693 4252 quibua
1710 4184 1761 4241 hoc
1779 4203 1884 4256 qnoque
1901 4189 1989 4257 eoepit

180 4267 289 4332 debere,
313 4267 384 4334 quod
406 4267 514 4334 impune
532 4282 586 4320 non
604 4267 689 4320 solvit.
723 4268 766 4320 Ad
784 4267 831 4321 illa
848 4269 937 4335 itaque
954 4267 1128 4334 cogitationes
1150 4275 1211 4320 tuas
1231 4266 1322 4320 flecte:
1347 4283 1400 4322 non
1422 4276 1463 4322 est
1484 4269 1550 4323 mihi
1567 4269 1652 4324 relata
1669 4271 1769 4338 gretia:
1794 4273 1857 4340 quid
1874 4272 1992 4327 taciem?

180 4351 250 4420 quod
268 4353 306 4415 di,
325 4352 370 4420 qui
388 4351 518 4405 beneficia
533 4351 666 4418 ignoranti
684 4352 748 4405 dore
766 4352 907 4420 incipiunt.
925 4352 1035 4419 ingratia
1052 4357 1246 4419 perseverant“

350 4439 412 4504 100)
430 4435 478 4504 Ep.
491 4445 536 4500 40,
550 4444 578 4488 2:
602 4435 678 4498 ..Nec
699 4444 787 4505 potest
808 4437 946 4504 quisquam
969 4437 1067 4491 beate
1089 4436 1219 4504 degere,
1237 4437 1282 4504 qui
1300 4451 1330 4492 ee
1347 4444 1450 4491 tantum
1467 4439 1595 4503 inuretur,
1613 4439 1658 4507 qui
1680 4441 1790 4495 omnia
1812 4442 1846 4494 ad
1865 4442 1992 4497 utilitates

181 4536 256 4575 suae
275 4520 418 4575 convertit:
446 4521 546 4574 alteri
565 4521 654 4573 rivas
671 4527 816 4593 oportet.
835 4522 863 4598 si
880 4522 928 4575 via
946 4521 1007 4575 tihi
1026 4523 1169 4576 vivere.·‘

352 4608 414 4672 101)
432 4605 475 4658 Do
492 4606 532 4659 ire
546 4605 585 4669 11,
604 4613 648 4665 aa.
670 4616 691 4658 1.

351 4694 413 4757 100)
431 4689 474 4742 De
492 4690 546 4743 otio
567 4701 593 4754 1,
611 4701 634 4746 4.

351 4776 412 4842 101)
430 4772 462 4825 ln
479 4772 529 4828 hae
546 4775 628 4842 igitur
644 4791 674 4829 re
691 4776 794 4830 Seneca
811 4790 864 4828 non
882 4784 988 4830 secutus
1010 4782 1051 4830 est
1074 4776 1258 4830 Stoicorum
1282 4776 1440 4837 doctrinam.
1466 4777 1511 4845 qui
1533 4777 1570 4831 sic
1592 4785 1755 4839 ambierunt.
1786 4779 1916 4835 helenum
1933 4796 1993 4836 0110

180 4859 298 4914 facinora
314 4859 466 4925 ignoscere3
485 4859 511 4912 in
530 4857 636 4912 homine
653 4860 785 4913 constanti
803 4866 831 4912 et
847 4860 966 4926 sapiente
983 4861 1138 4927 ignoscendi
1150 4876 1204 4916 non
1216 4875 1275 4917 esse
1287 4862 1387 4928 loenm3
1405 4863 1531 4917 iustitiam
1544 4876 1594 4931 per
1606 4878 1635 4918 ee
1647 4878 1707 4918 ease
1718 4864 1906 4932 expetendam.
1925 4881 1993 4934 quae

180 4942 308 4998 scelernm
327 4949 355 4997 et
372 4943 590 5010 improbationem
608 4950 636 4995 et
652 4944 815 5011 punitionem
834 4944 994 5011 requirerem
1013 4961 1036 4998 v.
1053 4945 1137 4999 lleier
1153 4946 1169 5000 l.
1187 4947 1204 5000 l.
1221 4963 1246 5015 p.
1258 4955 1299 5000 01.

353 5030 415 5091 rot)
433 5026 476 5079 De
494 5028 534 5080 ira
551 5026 576 5091 1,
596 5037 639 5090 14,
658 5036 681 5080 a.

352 5114 415 5176 roo)
432 5110 481 5180 Ep.
500 5120 543 5167 on.
562 5121 585 5166 a.
