4380 5602
1089 444 1107 501 5

360 640 433 705 Alio
452 642 521 705 loco
534 638 584 721 ¹¹)
603 641 729 707 Seneca
749 662 859 706 eorum
883 640 1052 706 stultit-iam
1072 642 1228 725 exagitat,
1255 643 1310 725 qui
1329 643 1437 706 Iovem
1456 662 1474 706 e
1491 640 1631 706 nubibus
1652 642 1789 706 fulmina
1815 642 1942 708 mittere
1965 665 2004 708 oe

189 771 286 835 saepe
305 770 383 815 suas
401 756 526 815 statuas
543 759 654 833 petere
673 758 704 815 et
722 751 891 832 sacrilegis
909 771 974 815 non
991 751 1115 834 punitis
1133 752 1282 816 innoxias
1306 753 1447 834 pecudes
1465 751 1561 816 ferire
1579 751 1772 816 existiment.
1807 750 1901 829 Quod
1918 764 2003 834 post-

188 882 285 944 quam
303 881 375 925 cum
394 861 554 925 iustitia
572 860 626 925 dei
644 862 813 926 concinere
831 860 972 942 negavit,
996 880 1136 944 causam,
1154 881 1211 926 our
1228 860 1387 926 eiusmodi
1406 882 1458 926 res
1476 861 1678 942 excogitatae
1702 863 1781 945 sint,
1798 861 1883 925 hanc
1900 861 2003 943 affert,

188 973 273 1055 quod
295 970 358 1050 ,ad
374 970 568 1035 coercendos
586 971 806 1052 imperitorum
824 970 951 1035 animos
967 971 1200 1053 sapientissimi
1227 971 1289 1035 viri
1315 970 1532 1034 iudicaverint
1558 969 1779 1036 inevitabilem
1808 978 1942 1054 metum,
1969 980 2003 1036 ut

189 1081 313 1163 aliquid
331 1100 429 1163 supra
447 1100 481 1145 se
504 1079 652 1143 homines
670 1079 846 1144 timerent.“
894 1080 981 1145 Utile
1000 1087 1083 1163 erat,
1102 1080 1219 1162 inquit,
1246 1081 1280 1144 in
1298 1084 1391 1143 tanta
1409 1079 1550 1143 audacia
1568 1080 1725 1144 scelerum
1744 1101 1830 1164 esse,
1848 1081 2004 1148 adversus

189 1191 275 1273 quod
301 1210 396 1255 nemo
425 1188 487 1254 sibi
511 1190 592 1253 satis
608 1195 724 1271 potens
747 1189 918 1254 rideretur.
961 1190 1019 1254 Ad
1045 1189 1307 1254 deterrendos
1333 1190 1468 1272 itaque
1495 1209 1575 1269 eos,
1602 1188 1743 1270 quibus
1770 1191 2003 1257 innocentia

189 1302 268 1366 nisi
295 1308 398 1365 metu
426 1320 500 1364 non
526 1300 671 1382 placet,
697 1308 915 1381 posuerunt
941 1319 1060 1382 supra
1087 1306 1203 1382 caput
1229 1298 1440 1381 vindicem,
1467 1305 1505 1362 et
1531 1299 1687 1380 quidem
1714 1309 1919 1365 armatum.

355 1411 405 1474 Ea
422 1429 509 1490 vero,
528 1430 612 1491 quae
629 1428 650 1472 a
669 1409 878 1474 maiestate
902 1409 1034 1474 deorum
1053 1408 1241 1489 abhorrent,
1260 1429 1331 1474 oum
1349 1429 1414 1474 non
1432 1410 1535 1473 solum
1554 1428 1574 1472 a
1592 1409 1724 1491 poetis
1743 1410 1927 1494 dictasint,
1945 1413 2003 1477 sed

189 1519 286 1584 etiarn
305 1539 325 1583 a
345 1518 609 1602 philosophis,
627 1519 770 1599 graviter
787 1516 913 1583 Seneca
931 1520 963 1583 in
982 1519 1155 1603 Epicurum
1175 1519 1350 1602 invehitur,
1371 1519 1443 1601 ,qni
1463 1518 1559 1584 deum
1578 1519 1734 1584 inermem
1753 1520 1878 1602 iecerit,
1895 1522 2004 1585 omnia

189 1628 236 1693 illi
260 1630 340 1711 tela,
370 1648 496 1692 omnem
523 1628 700 1693 detraxerit
726 1628 902 1710 potentiam
931 1634 976 1711 et,
1002 1649 1044 1694 ne
1071 1629 1220 1709 cuiquam
1248 1627 1442 1693 metuendus
1468 1636 1568 1711 esset,
1594 1629 1685 1692 illum
1712 1630 1883 1712 proiecerit
1912 1637 2004 1695 extra

189 1744 318 1803 metum.
330 1736 381 1820 18)
402 1739 548 1802 Eundem
565 1738 737 1822 vituperat,
755 1738 840 1819 quod
853 1738 949 1804 deum
963 1759 985 1803 a
997 1738 1117 1803 mundo
1130 1758 1280 1802 aversum
1294 1737 1376 1803 nibil
1388 1757 1487 1818 agere
1501 1737 1675 1802 contendat
1687 1734 1747 1819 ¹¹),
1765 1740 1850 1820 quod
1865 1741 2003 1805 eundem

188 1854 264 1912 vota
281 1847 436 1913 exaudire
447 1850 456 1886 ¹
468 1844 508 1928 ⁵),
526 1847 611 1929 quod
624 1849 753 1929 generis
768 1847 901 1913 humani
920 1868 1030 1913 curam
1046 1868 1159 1930 gerere
1176 1843 1341 1928 neget.¹⁶)
1370 1847 1544 1912 Praeterea
1556 1847 1635 1913 deos
1654 1849 1837 1914 invidiae
1855 1858 2004 1932 expertes

192 1976 264 2022 esse
277 1955 338 2040 ¹¹),
361 1957 491 2022 eosdem
511 1957 642 2022 minime
660 1957 747 2021 turno
766 1966 910 2022 extorum
929 1966 961 2022 et
978 1958 1060 2022 turis
1078 1956 1176 2021 odore
1195 1956 1351 2021 delectari
1369 1955 1518 2021 affirmat.
1531 1954 1582 2039 18)

210 2142 220 2157 ·
357 2065 527 2148 Quoniam,
545 2087 625 2148 quas
640 2067 680 2131 de
696 2067 747 2132 dis
765 2067 934 2149 opiniones
949 2066 1073 2133 Seneca
1091 2065 1369 2150 improbandas
1385 2072 1542 2150 putasset,
1560 2068 1777 2151 exposuimus,
1794 2069 1838 2132 ad
1853 2089 1902 2148 ea,
1920 2089 2003 2152 quse

190 2175 459 2257 ipsiplacent,
479 2177 671 2259 exponenda
689 2177 870 2258 aggrediar.
888 2173 954 2258 181’)

359 2285 441 2350 Esse
459 2285 554 2350 deum
574 2306 645 2349 oum
664 2306 760 2351 exeo
780 2285 892 2369 eifioit,
910 2285 994 2368 quod
1013 2284 1192 2352 omnibus
1209 2284 1250 2349 de
1268 2284 1319 2349 dis
1338 2285 1438 2350 insita
1457 2286 1565 2368 opinio
1584 2288 1626 2351 sit
1640 2292 1649 2327 ¹
1661 2286 1691 2369 9)
1710 2295 1742 2352 et
1761 2288 1846 2371 quod
1864 2288 2004 2371 plurima

189 2395 223 2459 in
241 2393 387 2460 homines
406 2393 561 2459 beneficia
581 2395 800 2479 conferantur,
827 2396 950 2477 quade
969 2416 1003 2461 re
1021 2396 1108 2460 intra
1125 2394 1319 2476 videbimus,
1346 2401 1413 2458 tum
1432 2416 1471 2461 ex
1489 2417 1541 2479 eo,
1568 2397 1654 2478 quod
1676 2397 1816 2462 mundus
1844 2398 2003 2480 sapien-

188 2505 345 2570 tissime
368 2505 409 2569 sit
429 2504 602 2568 institutus.

356 2615 470 2695 Itaque
483 2614 572 2691 deus,
586 2632 780 2695 quamquam
795 2616 917 2679 oculis
930 2636 1004 2680 nou
1019 2611 1327 2697 conspicitur20),
1342 2621 1450 2679 tamen
1464 2633 1504 2678 ex
1517 2613 1698 2698 operibus
1711 2615 1921 2696 cognoscitur.
1950 2613 2003 2691 ,Si

189 2722 248 2788 tibi
266 2723 470 2805 occurrerit“,
489 2723 594 2804 inquit
610 2721 733 2788 Seneca
746 2720 807 2805 ¹¹),
828 2725 983 2799 ,vetustis
998 2722 1167 2788 arboribus
1181 2730 1213 2789 et
1228 2724 1356 2789 solitam
1374 2723 1579 2788 altitudinem
1594 2725 1735 2806 egressis
1748 2724 1899 2807 frequens
1912 2724 2004 2790 lucus

189 2842 221 2899 et
240 2840 445 2916 conspectum
462 2832 544 2896 caeli
563 2852 724 2896 ramorum
742 2833 879 2897 eliorum
904 2834 987 2898 alios
1008 2834 1243 2916 protegentium
1267 2832 1381 2898 umbra
1399 2832 1607 2916 submovens,
1629 2833 1688 2898 illa
1706 2834 1882 2916 proceritas
1900 2835 2003 2900 silvae

189 2949 221 3008 et
239 2950 395 3008 secretum
415 2942 475 3006 loci
496 2948 527 3004 et
545 2941 718 3007 admiratio
738 2941 870 3007 umbrae
888 2944 922 3008 in
940 2950 1052 3027 aperto
1070 2950 1137 3006 tam
1155 2942 1277 3008 densae
1295 2949 1392 3025 atque
1411 2943 1583 3008 continuae
1601 2942 1724 3007 fidem
1742 2942 1815 3008 tibi
1829 2932 2004 3010 numinis

190 3137 443 3146 e—--————-

188 3273 317 3325 Arestdsse
340 3287 377 3323 arr
399 3268 452 3322 dea
471 3267 585 3339 Mytbea
607 3269 651 3323 die
672 3267 818 3322 etbiscbeu.
856 3267 935 3322 Ntctt
955 3268 991 3321 im
1015 3266 1119 3321 Nonum
1141 3266 1191 3320 der
1211 3266 1465 3335 (rrrterleacbtetert)
1492 3265 1642 3337 Verrrrrrrft,
1669 3268 1790 3323 suadem
1816 3268 1858 3321 im
1881 3266 2002 3322 b'amerr

188 3355 245 3410 des
269 3354 455 3410 Gemisseas
480 3355 527 3408 ribt
551 3355 651 3408 Plato
675 3354 751 3407 seiae
772 3352 872 3407 lr'rtttt.
915 3351 961 3407 se
980 3352 1067 3423 haupt
1088 3353 1136 3406 mit
1158 3352 1234 3406 einer
1258 3352 1374 3422 tieserca
1393 3350 1544 3406 Keantnr'as
1561 3352 1611 3406 der
1633 3351 1769 3407 sittlr'cbea
1790 3349 2004 3423 Gnrrtdoeprtffr

189 3446 367 3495 1111111111.ιι

358 3530 403 3596 12)
420 3526 480 3579 Nat
498 3531 599 3592 quaest„
615 3524 654 3586 ΙΙ,
673 3533 713 3578 lt.

359 3616 404 3679 11)
422 3610 462 3663 De
481 3608 568 3663 benef.
584 3607 631 3672 IV,
652 3618 690 3665 11.
711 3619 733 3662 1.
768 3609 846 3662 Hunc
864 3609 956 3675 igitur,
975 3606 1072 3674 inquit,
1093 3607 1226 3674 inseptum
1248 3607 1350 3674 ingenti
1372 3604 1487 3673 quodam
1503 3612 1531 3660 et
1548 3606 1727 3676 inexplicabili
1744 3621 1820 3660 muro
1837 3605 2003 3674 divisumque

189 3711 205 3749 a
222 3701 345 3750 contactu
363 3702 391 3749 et
408 3709 425 3748 a
441 3700 585 3762 conspectu
603 3694 754 3747 mortalium
772 3707 825 3747 non
843 3693 925 3747 habes
942 3707 1024 3760 quare
1042 3692 1171 3751 verearis:
1189 3692 1263 3745 nulla
1280 3691 1319 3745 ibi
1336 3706 1385 3744 nec
1403 3690 1537 3744 tribuendi
1555 3706 1604 3746 nec
1618 3691 1731 3746 nocendi
1748 3692 1860 3745 materia
1877 3699 1924 3747 est.

361 3783 404 3846 14)
422 3779 465 3832 De
484 3778 572 3831 benet.
590 3776 638 3835 lV.
656 3787 684 3835 t.
705 3790 726 3832 1.

357 3865 404 3930 11)
422 3861 556 3923 lbid.1V.
577 3872 607 3916 11
635 3871 658 3915 2.

360 3952 405 4016 16)
423 3948 492 4002 lbid.
508 3946 575 4008 vll,
594 3955 639 4004 31.
658 3955 680 4000 3.

361 4035 407 4101 11)
424 4033 475 4099 Ep.
495 4041 534 4093 rs.
554 4041 594 4085 11.

360 4120 405 4185 11)
422 4116 464 4169 De
482 4117 568 4170 benef.
585 4115 630 4179 IV,
649 4125 689 4179 15,
710 4126 732 4168 1.

357 4204 419 4267 tab)
436 4200 584 4254 Laudanda
601 4200 626 4252 h.
645 4200 662 4253 l.
683 4208 724 4253 est
747 4199 908 4253 modestia
926 4200 1054 4265 Senecae,
1077 4201 1124 4268 qui
1140 4200 1310 4255 Aristotelem
1332 4206 1440 4253 secutus
1466 4214 1646 4267 „nunquam
1667 4215 1725 4254 nos
1747 4202 2004 4257 verecundiores

188 4301 259 4341 esse
285 4285 428 4340 debere‘¹
452 4286 550 4338 scribat
567 4300 680 4352 ..quam
702 4300 770 4337 cum
792 4283 829 4338 de
852 4285 901 4339 dis
924 4293 1059 4352 suatum*
1081 4289 1146 4354 (nat
1165 4283 1349 4353 quaest.V11‚
1369 4294 1414 4343 111,
1435 4286 1469 4348 1).
1492 4315 1525 4324 -
1553 4284 1610 4337 llae
1632 4300 1737 4354 quoque
1759 4293 1847 4341 aetate
1871 4288 1913 4342 vel
1935 4289 2005 4342 inter

188 4384 245 4433 eos,
271 4371 318 4438 qui
342 4370 515 4424 amantissimi
541 4378 603 4423 sunt
629 4369 761 4425 libertatis
787 4370 892 4438 populi,
921 4371 1102 4436 inveniuntur,
1129 4371 1174 4438 qui
1198 4369 1310 4425 eandem
1336 4369 1495 4423 sententiam
1522 4376 1678 4436 sequantur,
1704 4371 1785 4424 veluti
1812 4372 1943 4427 Henricus
1969 4374 2003 4427 de

188 4453 359 4518 Temenus,
381 4454 427 4521 qui
450 4454 478 4506 in
500 4453 642 4508 annalibus
659 4454 808 4509 Berussicis
830 4455 896 4509 haec
918 4456 1036 4524 scripsit:
1065 4453 1146 4517 „Wir
1167 4454 1255 4509 lobea
1277 4455 1321 4508 eia
1341 4452 1425 4508 secat
1447 4471 1481 4509 zu
1501 4454 1634 4524 sordem,
1657 4454 1723 4510 dass
1743 4456 1810 4511 aber
1832 4457 1882 4512 das
1899 4457 2004 4530 Hedipe

187 4539 236 4593 mit
254 4537 340 4593 Ernst
356 4538 416 4593 aad
432 4537 585 4609 Elrrfurcltt
602 4539 771 4610 pesprocden
789 4540 848 4594 stad
863 4540 907 4594 die
923 4540 1118 4610 tibertiefertea
1136 4539 1255 4594 Fomreo
1272 4539 1320 4594 des
1336 4538 1548 4594 dircitenleberts
1569 4541 1617 4594 mit
1635 4541 1762 4612 Aoltuaq
1780 4543 1838 4597 read
1855 4542 2004 4615 &bonerto

186 4621 332 4678 bebucdett
350 4623 483 4677 werdeo‘t
513 4623 1044 4697 (111191111111111111111191
1063 4643 1113 4681 uon
1132 4624 1319 4679 8111111876.
1339 4623 1387 4678 Nr.
1402 4626 1443 4677 16.
1463 4623 1491 4678 S.
1506 4627 1583 4693 125.)

359 4709 404 4774 11)
421 4706 470 4776 Ep.
490 4718 545 4765 111.
566 4718 594 4763 o:
627 4709 711 4767 ..Ner
740 4709 807 4762 ulls
834 4724 914 4776 gens
940 4725 1051 4777 usquam
1079 4718 1119 4765 est
1145 4710 1212 4765 adeo
1239 4717 1316 4764 extra
1341 4710 1414 4776 leges
1441 4724 1580 4778 moresque
1607 4711 1736 4780 proiecta.
1765 4718 1795 4765 ut
1821 4726 1873 4765 non
1900 4713 2003 4782 sliquos

188 4791 252 4846 deos
270 4791 384 4846 credst“

360 4882 405 4945 20)
426 4878 484 4932 Nat.
503 4888 604 4946 qusest.
621 4879 686 4943 Vll,
701 4888 745 4941 ³0,
760 4889 789 4932 3:
809 4878 885 4948 ..Ipse
904 4909 949 4943 —,
967 4879 1012 4946 qui
1029 4879 1159 4944 condidit,
1177 4881 1223 4947 qui
1240 4887 1325 4933 totum
1343 4879 1393 4933 lroc
1411 4880 1532 4933 fundarit
1549 4910 1595 4943 -‚
1613 4880 1707 4949 effugit
1724 4880 1826 4947 oculos,
1844 4883 2003 4950 cogitatione

189 4961 313 5016 uisendus
330 4969 394 5016 111ιι
422 4963 461 5017 cf.
475 4978 543 5030 quae
560 4965 587 5017 in
606 4964 700 5018 eodem
718 4965 786 5018 libro
804 4965 929 5032 leguntur
945 4963 980 5032 (1.
997 4964 1099 5032 prolog.
1115 4967 1173 5032 11);
1200 4963 1248 5027 ,ln
1265 4965 1311 5017 illo
1329 4965 1356 5032 (i.
1375 4978 1397 5018 e.
1415 4965 1443 5017 in
1460 4964 1524 5031 deo)
1542 4964 1616 5019 nulla
1631 4980 1694 5035 pars
1712 4972 1788 5020 extra
1805 4966 1922 5020 animum
1940 4974 2003 5023 ese·

358 5050 404 5116 ru)
422 5047 472 5117 Ep.
490 5058 535 5105 41.
554 5058 577 5101 1.
