4380 5602
1073 428 1110 486 14

1006 511 1173 518 ..———-

186 627 345 713 porrigat,
370 625 489 708 aliquis
507 625 632 690 educat.
648 659 692 669 -
709 625 823 706 116666
841 624 923 689 deus
936 623 1018 708 ¹⁰⁶),
1040 627 1095 709 qni
1113 646 1177 692 non
1194 626 1297 690 solum
1316 623 1441 690 semina
1459 623 1571 688 divina
1588 624 1621 688 in
1640 622 1827 707 corporibus
1848 623 1999 690 humanis

185 731 431 820 dispersit¹⁰⁷),
449 734 507 799 sed
526 734 622 798 etiam
641 731 809 798 honestam
827 733 1011 800 hominibus
1028 741 1168 801 66661666
1187 733 1277 800 161611
1288 730 1370 816 111),
1389 733 1475 799 idem
1492 732 1766 799 adscendentibus
1780 753 1911 799 manum
1927 754 1998 818 por·

186 841 374 927 6161611111
421 845 472 909 ltu
497 842 544 925 fit,
571 850 606 907 ut
632 843 764 926 sapiens
780 863 801 906 a
818 841 879 907 deo
897 842 1042 927 adiutus,
1070 844 1097 908 si
1124 864 1189 909 non
1215 843 1338 925 omniu,
1365 849 1399 906 at
1423 848 1508 907 certe
1535 842 1638 905 multa
1664 861 1789 926 eornm,
1816 863 1898 926 qnae
1923 841 2000 909 huie

186 963 355 1038 praestare
373 952 502 1035 debeat,
521 959 687 1036 praestare
705 953 829 1035 possit
847 951 997 1034 idemque
1014 953 1114 1017 vitam
1132 952 1261 1018 beatam
1280 952 1386 1034 (16661.
1401 948 1474 1034 111)

354 1063 512 1144 Egregios
528 1062 671 1145 prolecto
684 1061 717 1126 in
731 1061 780 1143 iis,
794 1080 877 1141 quae
889 1060 1013 1127 Seneca
1027 1063 1068 1126 de
1081 1061 1141 1127 deo
1155 1061 1271 1144 deique
1286 1062 1373 1126 cultu
1386 1060 1489 1143 docet,
1507 1081 1579 1126 esse
1593 1061 1781 1144 sententias,
1794 1062 1866 1145 quis
1880 1065 1998 1145 estqui

186 1172 309 1255 neget?
345 1173 419 1237 Non
437 1172 536 1253 igitur
553 1170 745 1252 mirandum,
771 1170 855 1252 quod
872 1171 937 1234 iam
953 1171 1164 1236 ecclesiastici
1183 1190 1211 1253 q.
1224 1171 1255 1235 d.
1272 1178 1382 1254 patres
1398 1167 1471 1251 ¹¹¹)
1490 1189 1563 1235 eum
1577 1170 1750 1252 diligenter
1773 1172 2000 1238 lectitaverant

187 1293 219 1347 et
237 1304 301 1348 uon
320 1283 390 1347 sine
408 1281 506 1346 laude
524 1285 866 1361 commemoraverunt,
889 1279 972 1344 inter
989 1281 1145 1345 nonnulla
1163 1282 1234 1345 eius
1251 1281 1372 1363 placita
1396 1287 1428 1345 et
1451 1279 1630 1344 doctrinam
1649 1278 1865 1346 Christianam
1883 1283 1998 1348 miram

187 1391 350 1474 (quandam
368 1388 614 1454 similitudinem
632 1387 831 1454 intercedere
849 1385 1006 1469 6611111)
1050 1388 1142 1467 Quae
1160 1388 1337 1454 similitudo
1356 1409 1427 1454 oum
1455 1390 1489 1454 in
1517 1389 1592 1454 aliis
1619 1408 1757 1472 quoque,
1784 1409 1867 1471 quae
1894 1390 2000 1457 adhue

187 1501 315 1582 reliqui,
332 1499 462 1582 placitis
480 1504 649 1581 appareat,
668 1497 822 1562 nonnulla
840 1517 950 1561 eorum
970 1496 1047 1563 libet
1066 1499 1099 1562 in
1117 1498 1258 1563 medium
1276 1499 1427 1581 proferre.
1466 1499 1587 1562 Malum
1606 1499 1690 1564 intra
1708 1519 1767 1564 nos
1785 1519 1857 1565 esse
1875 1499 1998 1567 Seneca

186 1610 279 1693 (licit,
305 1611 339 1674 in
366 1606 588 1674 visceribus
614 1607 716 1690 ipsis
742 1604 947 1690 6661666111),
976 1628 1107 1691 6666666
1128 1607 1289 1673 neminem
1310 1609 1405 1691 culpa
1425 1605 1630 1690 6166666111),
1657 1609 1801 1673 animum
1823 1607 1998 1674 humanum

186 1719 284 1785 valde
309 1739 417 1785 secum
440 1713 692 1798 dissidere¹¹⁵)‚
719 1723 852 1798 peccata
870 1736 891 1780 u
909 1715 1051 1796 libera,
1078 1717 1136 1782 sed
1161 1716 1379 1799 depravata
1402 1717 1567 1782 bominum
1593 1719 1796 1784 voluntate
1823 1719 1999 1801 repetenda

359 2000 655 2067 166)1“1’.Ε6.11,11;
682 1998 811 2063 „Bonus
839 2000 878 2052 vir
904 1999 975 2052 siue
1003 1998 1061 2051 deo
1089 2011 1165 2050 nemo
1192 2006 1246 2052 est:
1275 2014 1308 2050 an
1335 2005 1423 2065 potest
1446 2000 1540 2067 aliquis
1563 2016 1644 2068 supra
1665 2000 1798 2054 fortunam
1822 2000 1871 2052 uisi
1895 2000 1928 2053 ab
1953 2001 1998 2054 illo

187 2087 293 2140 adiutus
312 2086 489 2152 exsurgere?“
517 2084 682 2136 Contrarium
700 2083 857 2137 sententiam
877 2084 979 2137 Cottam
997 2083 1184 2136 Academicum
1203 2082 1295 2135 Cicero
1318 2083 1362 2147 (de
1379 2089 1433 2136 nat.
1452 2083 1523 2137 deor.
1542 2082 1597 2148 Ill,
1616 2093 1660 2148 66,
1678 2088 1724 2151 66)
1745 2085 1787 2139 his
1806 2084 1895 2139 verbis
1919 2086 1999 2153 proli-

187 2179 286 2223 tcntem
304 2170 380 2223 lacit:
408 2168 589 2232 „Virtutem
604 2176 712 2221 autem
730 2183 820 2221 nemo
838 2184 978 2235 unquam
996 2174 1162 2235 acceptam
1181 2167 1240 2219 deo
1259 2167 1412 2231 retulit·‘‚
1431 2168 1464 2221 ad
1482 2184 1559 2234 quem
1579 2168 1712 2222 Ciceronis
1729 2169 1815 2222 locum
1833 2169 2008 2223 86166666664

187 2264 259 2307 66616
278 2254 387 2307 adnotat
405 2269 435 2306 ac
454 2253 574 2320 pluribus
592 2252 678 2305 allatis
696 2253 760 2305 16616
779 2252 953 2314 demonstrat,
972 2251 1135 2306 Graecorum
1153 2252 1280 2319 optimum
1298 2267 1429 2318 quemque
1447 2251 1545 2305 61161666
1564 2253 1668 2306 omnis
1687 2254 1823 2307 61616116
1841 2252 2000 2308 hnmanae

186 2338 339 2392 laenitatem
366 2354 398 2390 66
424 2344 531 2390 mente
559 2337 641 2389 bona
667 2336 795 2403 quidem
822 2345 960 2404 excepta
985 2337 1067 2390 oriri
1091 2335 1199 2399 alore,
1222 2351 1269 2403 per
1286 2352 1315 2390 se
1333 2343 1421 2390 autom
1440 2351 1580 2404 apparere.
1605 2352 1650 2390 666
1669 2337 1740 2390 66166
1758 2337 1910 2391 facultatem
1930 2338 1997 2392 benc

186 2422 300 2477 faciendi
317 2423 350 2475 ab
369 2423 431 2475 1666
449 2424 580 2490 accipere,
599 2421 644 2487 qui
662 2421 744 2481 vires,
762 2428 889 2487 qnantum
907 2421 1021 2489 possint.
1040 2420 1184 2474 intendant.

357 2510 419 2571 661)
436 2505 485 2573 Ep.
506 2515 544 2570 66,
565 2515 604 2558 66.

357 2594 418 2654 166)
438 2589 484 2657 116.
504 2599 549 2653 11,
568 2599 596 2642 2:
615 2590 679 2655 „lile
694 2590 785 2657 (deus)
800 2589 845 2642 dat
863 2590 972 2643 consilia
991 2590 1130 2658 magnilica
1148 2596 1175 2641 61
1192 2596 1307 2643 66661611.
1334 2590 1365 2643 ln
1383 2598 1498 2644 mentem
1516 2592 1542 2644 id
1560 2592 1644 2655 venit,
1662 2591 1733 2658 quod
1747 2592 1844 2646 Paulus
1862 2592 1997 2659 apostolas

187 2677 214 2728 in
233 2676 344 2741 epistola
363 2674 396 2727 ad
415 2672 598 2740 Philippenses
617 2675 697 2728 missa
720 2679 761 2739 (1,
782 2678 826 2738 13)
848 2675 965 2742 scripsit:
991 2670 1033 2737 „²0
1049 2673 1114 2735 θεὸς
1136 2672 1189 2743 γάρ
1211 2674 1286 2727 lurra
1309 2670 1323 2727 ὁ
1347 2672 1604 2748 6666666166
1626 2681 1681 2730 καὶ
1704 2674 1738 2729 τὸ
1765 2679 1878 2730 etim
1899 2680 1945 2730 sal
1969 2676 1999 2732 ro

186 2761 335 2830 1666661661·

360 2844 489 2913 1616116.
509 2851 552 2906 66,
573 2852 612 2895 66.

358 2927 697 2996 immmmmu

362 3018 422 3080 111)
440 3013 473 3066 V.
492 3014 625 3067 Holaberr
641 3012 702 3066 diss.
719 3013 740 3065 l.
758 3030 783 3080 6.
797 3024 819 3066 6.

348 3097 542 3169 ,1111)86166611
560 3097 620 3151 list.
640 3097 673 3151 dc
690 3098 717 3152 16
735 3097 893 3152 litterature
911 3115 978 3151 rom.
997 3097 1029 3150 Τ.
1041 3097 1075 3150 lI.
1093 3115 1118 3166 p.
1132 3105 1194 3150 1166
1224 3095 1267 3160 „Il
1284 3099 1329 3168 n'y
1347 3114 1365 3150 o
1378 3112 1434 3166 pas
1451 3096 1484 3150 dc
1502 3096 1603 3151 1661666·
1620 3096 1791 3168 (1686161666
1808 3101 1855 3169 6611
1872 3102 1939 3156 a’ar't
1959 3103 2000 3156 616

184 3183 293 3252 [666661
311 3181 537 3235 (166666611666616
562 3182 698 3236 6166611666
720 3185 802 3253 qu'on
826 3190 921 3236 166666
942 3182 1083 3253 repandus
1106 3181 1177 3236 dans
1197 3198 1241 3235 ses
1265 3181 1358 3244 c'crits,
1377 3182 1549 3251 6166616661
1571 3189 1685 3236 6666661
1708 3186 1856 3254 6666661616
1873 3184 1944 3239 daras
1961 3185 2001 3240 les

187 3267 363 3337 6666666666
380 3267 477 3320 manes
495 3266 531 3320 (16
549 3283 673 3322 nonencort
689 3268 867 3322 Testameat“.
885 3268 1036 3335 (Eiusmodi
1048 3266 1193 3320 sententias
1204 3267 1356 3331 nonnullas,
1375 3267 1480 3319 ndnime
1493 3282 1584 3320 omnes
1602 3268 1629 3320 in
1647 3267 1761 3321 medium
1773 3269 1884 3335 protulit
1896 3269 2000 3325 Siedler

188 3351 834 3421 1.1.666-666116666666166.1666-
853 3352 967 3406 Diderot
988 3367 1062 3413 vero,
1090 3351 1135 3418 qni
1162 3352 1280 3419 proximo
1304 3352 1369 3404 vixit
1395 3350 1513 3411 6666616,
1541 3351 1610 3417 quod
1637 3366 1697 3405 sero
1724 3351 1829 3406 demum
1857 3353 1998 3409 admodum

189 3450 271 3490 senex
290 3435 323 3488 ad
342 3435 482 3502 legendum
500 3435 628 3490 Senecam
647 3454 788 3505 aggressus
807 3446 888 3497 66661,
907 3438 982 3491 valde
1001 3437 1091 3491 doluit.

359 3519 486 3587 11³)Ep.
505 3531 545 3585 66,
564 3532 586 3574 6.

357 3608 419 3672 161)
437 3605 479 3658 De
498 3604 670 3670 benef.l,10‚
685 3615 759 3659 1-1.
778 3636 810 3647 -
828 3606 871 3660 De
890 3606 1028 3671 1661166,
1043 3617 1071 3660 1;
1089 3606 1134 3670 „Si
1147 3605 1267 3660 volumus
1283 3605 1361 3672 aequi
1378 3619 1467 3658 rernm
1484 3604 1601 3657 omnium
1620 3604 1719 3659 iudices
1733 3619 1800 3668 6666,
1817 3605 1869 3660 hoc
1885 3606 1998 3674 primum

188 3688 263 3740 uobis
285 3689 503 3755 pnmuadeamus,
527 3689 657 3742 neminem
680 3697 798 3743 nostrum
821 3705 880 3745 esse
902 3692 960 3745 sine
987 3691 1095 3759 culpa“;
1120 3690 1244 3744 dealem.
1264 3689 1290 3752 1,
1309 3698 1331 3752 6,
1351 3698 1414 3756 666.
1438 3688 1624 3753 ‚.Peccarimns
1641 3702 1745 3743 omnes:
1770 3689 1815 3742 alii
1832 3691 1935 3757 666616,
1953 3691 1998 3744 alii

188 3771 298 3835 leviora,
317 3772 363 3825 alii
381 3788 414 3825 ex
432 3773 576 3831 destinato.
601 3775 645 3827 alli
663 3775 731 3828 t'orte
749 3775 856 3843 impulsi
873 3784 920 3829 ant
938 3776 1025 3830 aliena
1042 3777 1159 3843 nequitia
1176 3775 1270 3837 ablati,
1294 3773 1339 3827 ulii
1361 3774 1389 3826 in
1412 3774 1488 3828 bonis
1512 3773 1628 3827 consiliis
1644 3789 1737 3841 parum
1755 3774 1860 3827 fortiter
1878 3775 1998 3828 stetimus

188 3865 215 3909 et
236 3856 412 3911 innocentium
436 3857 509 3910 inviti
532 3873 562 3910 66
585 3859 729 3912 renitentes
751 3858 920 3926 perdidimus.
956 3859 1022 3913 Nec
1046 3859 1248 3927 deliquimus
1271 3867 1410 3923 tautum,
1438 3859 1497 3913 sed
1523 3873 1626 3925 usque
1653 3858 1692 3912 ad
1719 3863 1900 3913 extremum
1928 3858 1998 3913 aeri

188 3940 433 4007 delinquemus.
471 3941 580 3996 Etiamsi
600 3944 659 4010 6616
676 3951 731 3997 tam
748 3944 818 3998 bene
836 3945 888 3998 iam
908 3946 1031 4013 purgavit
1048 3945 1174 4008 animum,
1193 3951 1223 3998 nt
1240 3944 1305 3997 nibil
1323 3943 1466 3997 obturbare
1484 3959 1544 3996 eum
1562 3943 1674 4011 amplius
1691 3943 1776 4010 possit
1792 3958 1824 3997 ac
1840 3943 1941 4010 tallere,
1959 3945 2000 4000 ad

187 4027 409 4080 innocentium
436 4033 524 4079 tamen
551 4028 720 4094 peccando
747 4030 932 4097 pervenit.“
977 4029 1070 4096 ltaque
1102 4030 1249 4093 „iustitiam
1275 4029 1398 4083 civilem“
1430 4043 1497 4095 qnae
1524 4029 1620 4083 dicitur
1646 4043 1663 4080 a
1687 4026 1819 4095 theologis
1843 4028 1998 4083 Christianis

188 4111 287 4165 homiui
307 4127 358 4165 non
378 4111 555 4171 sulficere,
573 4127 606 4164 ex
624 4127 655 4165 eo
674 4113 744 4177 loco,
767 4129 846 4179 quem
864 4114 943 4181 paulo
962 4121 1023 4167 6616
1045 4115 1133 4180 attuli,
1156 4115 1260 4181 (deira
1279 4115 1318 4178 ΙΙ,
1338 4123 1377 4178 16,
1396 4115 1471 4181 666.)
1489 4113 1615 4166 ridemus.
1650 4112 1737 4178 „Quis
1759 4118 1801 4165 est
1821 4112 1883 4176 iste,
1907 4112 1952 4180 qui
1969 4128 1998 4168 se

186 4197 327 4264 profitetur
343 4197 489 4251 omnibus
508 4197 641 4264 legibus
659 4198 891 4252 innocentem?
919 4198 955 4252 Ut
972 4199 1022 4253 hoc
1040 4201 1077 4254 ita
1094 4201 1141 4265 sit,
1159 4215 1252 4267 quum
1270 4196 1864 4267 6666616166666611666161166666
1882 4199 2000 4253 bonnm

187 4284 280 4335 csse?
306 4281 410 4348 Quanto
429 4282 508 4334 latins
526 4281 713 4335 ciliciorum
732 4290 805 4350 patet
822 4299 901 4350 quam
920 4283 1002 4337 iuris
1020 4285 1132 4352 regula?
1150 4300 1229 4352 quam
1247 4285 1331 4338 multa
1348 4284 1439 4352 pietas,
1457 4282 1615 4346 humanitas,
1633 4282 1788 4343 liberalitas.
1805 4283 1914 4348 institia,
1932 4283 2000 4337 tides

187 4367 309 4433 6616661,
332 4381 400 4431 quae
418 4366 506 4419 omnia
524 4375 600 4420 extra
617 4368 736 4434 publicas
754 4367 858 4421 1616166
876 4370 955 4422 sunt?
983 4367 1035 4422 Sed
1053 4385 1086 4423 ue
1104 4368 1138 4422 ad
1161 4369 1233 4423 illum
1256 4369 1362 4436 quidem
1384 4367 1544 4422 artissimam
1568 4366 1735 4421 innocentiae
1757 4366 1897 4422 formulam
1920 4383 1996 4436 prae·

188 4459 258 4505 stare
277 4466 325 4504 nos
343 4465 497 4518 possumus:
526 4451 718 4514 alintummas,
742 4452 795 4505 aliu
816 4454 1001 4520 cogitavimus,
1025 4454 1079 4507 alla
1096 4453 1257 4521 optavimus,
1281 4452 1340 4507 aliis
1357 4451 1481 4517 16616666,
1503 4451 1530 4504 16
1553 4449 1709 4518 quibusdam
1728 4451 1881 4507 innocentes
1899 4467 1998 4519 666666,

187 4537 248 4603 qnia
266 4551 318 4588 non
337 4536 471 4589 successit..
506 4536 564 4588 lloc
582 4537 728 4603 cogitantes
747 4537 885 4604 aequiores
903 4539 985 4591 simus
1003 4537 1216 4604 delinquentibus
1235 4544 1302 4590 ...“

358 4624 419 4686 116)
437 4621 479 4673 nd
498 4621 578 4674 Marc.
597 4630 637 4685 11,
656 4630 686 4674 5:
714 4623 812 4686 „Omne
836 4623 874 4676 illi
900 4624 960 4691 (int.
978 4623 1079 4688 animo)
1102 4638 1162 4675 cum
1189 4622 1248 4675 hac
1275 4636 1371 4674 carne
1398 4635 1478 4688 grave
1495 4626 1630 4674 certamen
1653 4627 1705 4681 est,
1733 4635 1766 4674 nc
1784 4622 1955 4676 abstrahatur
1973 4630 2000 4676 et

187 4704 282 4759 61616111.
301 4736 332 4745 -
353 4704 404 4772 Ep.
422 4713 462 4767 16,
482 4713 496 4756 6
514 4705 559 4772 (61.
577 4709 599 4773 6.
616 4709 658 4773 1);
685 4707 977 4771 ,11666166116661666
999 4707 1173 4774 quieverint,
1197 4706 1248 4760 nisi
1264 4705 1310 4759 illo
1327 4712 1471 4765 momento,
1490 4719 1543 4771 qno
1560 4704 1658 4758 volunt.
1693 4704 1724 4758 ln
1742 4711 1827 4759 161666
1846 4707 1912 4760 nulli
1929 4706 1997 4760 selle

188 4798 235 4845 ant
252 4790 321 4843 nolle
340 4788 475 4843 decretum
499 4798 546 4844 est.
581 4791 708 4846 Variatur
732 4792 828 4846 cotidie
853 4793 978 4847 iudicium
1007 4800 1034 4846 et
1059 4792 1088 4845 in
1113 4791 1274 4845 contrarium
1300 4791 1412 4845 vertitur
1434 4805 1466 4842 66
1490 4788 1623 4856 plerisque
1641 4789 1728 4856 agitur
1751 4789 1806 4843 rita
1823 4805 1871 4858 per
1889 4791 1998 4845 lusum.“

190 4875 236 4943 Ep.
256 4885 300 4938 66,
322 4884 350 4927 1:
377 4873 462 4941 „Quid
480 4882 521 4927 est
539 4875 602 4939 boe,
620 4877 720 4936 Lucili,
739 4877 809 4944 qnod
828 4893 876 4931 nos
894 4879 946 4931 alio
964 4878 1103 4931 1666166166
1121 4876 1173 4929 6116
1191 4876 1377 4939 1661116166,
1395 4873 1465 4927 unde
1483 4872 1608 4926 recedere
1625 4873 1753 4941 cupimus,
1770 4874 1901 4942 impellit?
1919 4875 1999 4943 qnid

187 4960 475 5013 661166161666666
495 4961 601 5012 animo
620 4969 733 5013 nostro
751 4976 808 5015 nec
826 4961 993 5030 permittit
1009 4961 1106 5015 nobis
1124 4961 1301 5028 quidquam
1320 4959 1417 5012 semul
1435 4959 1544 5013 661161
1569 4957 1786 5012 Fluctuamus
1803 4958 1891 5012 16166
1908 4959 2000 5014 66616

188 5044 341 5100 consilis:
370 5041 453 5097 nihil
476 5043 584 5098 libere
607 5046 768 5109 nolumus,
791 5047 876 5101 nihil
899 5047 1061 5111 absolute,
1084 5045 1170 5099 nihil
1189 5052 1348 5113 semper.“
1383 5044 1477 5111 Itaque
1501 5044 1601 5098 Seneca
1619 5043 1671 5112 (ib.
1688 5045 1759 5109 66)
1787 5043 1999 5110 „malignitatem
