4380 5602
195 628 355 712 esseni),
373 630 464 694 cuius
482 626 725 711 depravationis
742 644 860 690 causa
878 625 912 690 in
929 626 1155 708 opinionum
1173 625 1352 690 vanitate
1370 623 1412 688 sit
1429 621 1629 706 posita¹¹⁷),
1648 629 1683 687 ut
1700 623 1729 687 is
1747 621 1875 687 demum
1890 621 2005 702 corrigi

193 742 334 827 possit,
353 740 406 821 qui
421 759 456 803 se
470 755 605 821 peccare
624 736 736 799 sciat.
748 738 760 774 ¹
770 739 779 774 ¹
790 732 820 815 ⁸)
852 732 1008 811 Quamvis
1021 742 1129 799 autem
1143 736 1177 799 in
1191 732 1369 799 visceribus
1382 731 1547 798 hominum
1566 732 1687 797 malum
1705 731 1819 797 sedere
1834 729 2006 794 contendat

194 850 282 934 (adn.
298 846 383 930 113),
400 847 511 912 divino
529 846 651 910 semine
669 864 725 909 eos
743 850 829 909 ortos
848 863 919 908 esse
938 843 1024 909 dicit.
1043 841 1113 925 119)
1157 844 1333 908 Praeterea
1353 862 1485 907 verum
1503 843 1605 906 scire
1623 848 1721 922 negat
1739 841 1820 905 satis
1837 859 1924 921 esse,
1943 838 2006 903 nisi

193 960 265 1043 quis
288 966 375 1024 recte
397 953 617 1036 faciat120),
640 955 727 1019 vitae
749 974 812 1019 non
840 954 994 1035 longae,
1021 953 1079 1018 sed
1102 951 1200 1018 bene
1218 959 1333 1017 actae
1359 951 1532 1034 plurimum
1549 949 1754 1016 tribuendum
1772 968 1844 1015 esse
1867 947 2007 1029 sitm),

123 1108 126 1111 -
193 1068 371 1134 honestis
397 1065 528 1149 quidem
554 1064 682 1146 gaudiis
707 1063 769 1127 frui
798 1059 989 1145 licerc¹²²),
1018 1062 1075 1127 sed
1101 1082 1211 1126 veram
1239 1061 1478 1125 felicitatem
1509 1081 1572 1125 non
1599 1061 1737 1145 positam
1767 1079 1840 1125 esse
1859 1059 1894 1123 in
1911 1057 2008 1124 rebus

195 1392 325 1441 naturae“
343 1384 513 1452 conqueritur
531 1389 558 1434 et
574 1386 628 1448 (ep.
648 1389 687 1444 90,
707 1384 752 1444 aa)
770 1385 844 1431 tanta
862 1379 925 1432 vitio
944 1384 1034 1431 nostra
1052 1394 1109 1433 esse
1128 1380 1254 1437 affirmat,
1273 1385 1301 1430 ut
1319 1377 1353 1429 ad
1371 1377 1582 1443 desperationem
1601 1391 1649 1430 nos
1667 1376 1820 1443 perducant
1856 1376 1918 1438 His,
1936 1387 2004 1441 qrrae

197 1488 229 1524 ex
250 1471 351 1524 Seneca
369 1468 516 1531 attulimus,
539 1479 721 1532 comparemus
739 1462 788 1515 hos
805 1462 980 1530 Euripidis
998 1461 1081 1531 (Med.
1099 1480 1122 1515 r.
1142 1470 1207 1515 1001
1222 1467 1290 1529 sqq.)
1308 1476 1414 1514 versus:

785 1568 861 1631 „Kal
886 1560 1023 1635 μανθάνω
1045 1565 1099 1632 μὲν
1126 1557 1170 1617 οἶα
1195 1565 1266 1636 ῶριῖν
1288 1566 1380 1633 μέλλω
1400 1564 1480 1631 κακαὶ,

791 1648 883 1719 Θυμός
900 1650 930 1702 δὲ
949 1655 1084 1720 κρείσσων
1102 1651 1158 1702 τῶν
1175 1650 1251 1720 ἐμῶν
1268 1644 1475 1719 βουλευμάτων,

788 1731 874 1805 ὅσπερ
891 1739 1033 1803 μεγίστων
1050 1739 1136 1794 αἴτιος
1152 1736 1247 1787 κακῶν
1263 1737 1400 1803 βροτοῐς“,

197 1831 225 1878 et
241 1823 327 1878 Ovidii
343 1823 419 1891 (liet
438 1821 505 1884 Vll,
526 1829 555 1874 19
570 1823 652 1887 sqq.):

999 1902 1148 1969 „Aliudque
1168 1902 1271 1970 cupido,

725 2000 799 2039 mens
817 1986 890 2039 allud
907 1986 1015 2051 suadet:
1034 1987 1110 2040 rideo
1127 1987 1237 2039 meliora
1254 1985 1400 2053 proboque.

720 2071 854 2124 deteriora
871 2078 990 2138 sequorf·

198 2169 271 2222 Alios
295 2168 367 2223 locos
388 2167 477 2221 attulit
498 2166 529 2218 Ε.
552 2166 585 2218 de
609 2166 726 2219 Lasaulx
753 2166 779 2218 io
805 2179 837 2216 co
858 2163 961 2228 libello,
987 2165 1033 2232 qui
1057 2164 1226 2218 inscribitur:
1253 2165 1305 2227 „de
1333 2164 1425 2216 mortis
1452 2162 1587 2215 dominatu
1613 2163 1641 2214 in
1669 2169 1791 2215 reteres‘·
1818 2161 2010 2228 (1111110.)

198 2254 230 2307 ln
248 2253 358 2307 eandem
376 2252 534 2306 senteutiam
553 2251 651 2303 Paulus
669 2249 804 2318 spostolus
821 2251 874 2316 (ep.
893 2248 926 2300 ad
944 2247 1019 2301 Rom.
1038 2249 1104 2313 vll,
1126 2261 1155 2303 14
1174 2253 1225 2316 sq.)
1242 2248 1309 2303 haec
1327 2249 1443 2316 scripsit:
1464 2253 1703 2319 ...πεπραμένος
1721 2245 1774 2300 ὑπὸ
1793 2246 1843 2311 τήν
1861 2244 2009 2317 ἁμαρτίαν.

191 2333 224 2391 Ὃ
241 2336 294 2408 γὰρ
314 2332 526 2408 κατεργάζομαι,
546 2333 579 2388 οὐ
597 2331 751 2405 γιγνώσκω·
772 2333 804 2388 ori
823 2332 877 2406 γὰρ
898 2328 1009 2401 detto,
1031 2339 1109 2389 τοῦτο
1129 2329 1253 2406 πράσσω,
1272 2333 1326 2387 dtt‘
1348 2329 1363 2387 ὃ
1380 2336 1463 2405 μισῶ,
1482 2336 1563 2387 τοῦτο
1582 2335 1663 2387 ποιῶ.
1690 2332 1741 2385 Illa
1758 2339 1846 2383 autem
1859 2330 1939 2382 animi
1951 2344 2010 2381 cum

198 2421 339 2489 semetipso
352 2420 515 2474 dissensione
534 2434 567 2472 ue
584 2419 607 2472 is
620 2420 725 2486 quidem
739 2427 822 2481 caret,
841 2420 885 2485 qui
903 2419 956 2473 ianr
974 2420 1084 2472 multum
1103 2420 1130 2472 io
1149 2419 1245 2472 virtute
1257 2418 1375 2486 profecit.
1402 2417 1469 2481 „Sed
1487 2418 1524 2475 ei,
1542 2418 1587 2484 qui
1606 2416 1639 2469 od
1658 2416 1781 2469 dautem
1798 2413 1890 2467 tendit
1908 2413 2011 2464 etiamsi

200 2507 312 2560 multum
329 2505 469 2573 processit,
495 2520 563 2572 opus
589 2513 630 2558 est
656 2505 746 2571 aliqua
770 2504 892 2557 fortunae
918 2503 1084 2571 indulgentia
1100 2504 1186 2558 adhuc
1204 2504 1274 2557 inter
1291 2502 1407 2557 humana
1424 2503 1545 2565 luctanti,
1564 2502 1626 2555 dum
1644 2500 1743 2554 nodum
1760 2499 1835 2552 illum
1853 2496 1965 2551 exsolvit
1984 2504 2011 2549 et

200 2605 277 2643 omne
295 2589 428 2642 vinculum
445 2589 565 2642 mortale.
602 2589 672 2656 Quid
690 2603 754 2656 ergo
771 2588 899 2641 interest?
923 2587 994 2654 quod
1012 2587 1057 2640 alii
1075 2587 1184 2654 adligati
1203 2596 1277 2650 sunt,
1295 2587 1341 2639 alii
1359 2587 1491 2642 adstricti:
1518 2587 1582 2650 bic,
1607 2587 1660 2655 qui
1683 2585 1723 2639 ad
1745 2585 1921 2652 superiora
1938 2599 2009 2651 pro-

199 2688 332 2743 gressus
359 2681 409 2726 est
437 2681 468 2726 et
494 2689 526 2726 se
554 2674 654 2727 altius
681 2673 815 2738 extulit,
843 2674 946 2725 laxam
974 2679 1121 2725 catenam
1149 2672 1261 2735 trabit,
1289 2672 1428 2725 nondum
1454 2673 1550 2737 liber,
1580 2674 1642 2726 iam
1668 2680 1777 2724 tamen
1800 2686 1860 2738 pro
1887 2671 2013 2727 libero“

199 2759 245 2826 (de
262 2760 317 2812 vita
335 2759 414 2811 beata
429 2766 467 2822 10,
481 2761 517 2824 9).
545 2758 661 2825 Egregie
679 2768 767 2812 autem
785 2758 922 2812 Auberlen
940 2759 969 2824 (l.
986 2759 1003 2811 l.
1021 2757 1056 2810 ll.
1074 2774 1098 2825 p.
1112 2767 1144 2811 ao
1158 2761 1209 2825 sq.)
1226 2757 1369 2825 disputarit
1387 2755 1457 2810 bunc
1476 2759 1503 2810 in
1520 2758 1639 2810 modum:
1668 2755 1948 2821 „SchoaArr'stothes
1965 2758 2013 2811 dot

200 2845 277 2897 aneta
295 2861 327 2896 so
345 2843 430 2912 liesca
444 2841 587 2897 Είπιίνιιοίτ
606 2843 731 2897 eoadem
751 2843 803 2897 dea
820 2860 929 2913 gumen
943 2842 1089 2897 Mearcftea
1107 2843 1336 2897 tedcrrrcfreudca
1355 2842 1519 2905 Verdcrbeu,
1537 2841 1602 2896 dass
1619 2859 1649 2895 cr
1667 2842 1799 2903 demeriti,
1818 2842 1862 2896 die
1878 2842 2013 2896 Tlu'erlrct't

199 2929 239 2982 rei
255 2930 385 3000 geriaqcr
402 2928 445 2982 οίτ
462 2928 512 2982 drus
526 2927 606 2991 Base,
624 2937 702 2981 meaa
719 2928 788 2983 οιιοίι
806 2928 1019 2990 ετίιτεο111οίιον;
1036 2928 1108 2981 mre
1126 2944 1156 2982 er
1172 2929 1212 2982 sei
1228 2928 1307 2982 dalei
1324 2927 1398 2981 nicht
1417 2927 1467 2981 das
1481 2926 1561 2980 Beate
1580 2927 1715 2991 uerdnlrt,
1735 2928 1785 2982 mie
1802 2929 1837 2981 im
1852 2926 2015 2988 Meneclem·

198 3012 257 3067 uad
269 3011 350 3067 Plato
369 3011 475 3066 erklart
493 3012 666 3067 belaautlicft
684 3029 768 3066 :carre
784 3030 873 3084 quate
882 3013 988 3084 jetziqe
1004 3011 1137 3066 :tramitte
1151 3011 1283 3068 Existeaz
1300 3031 1352 3068 αυτ
1369 3014 1454 3067 dacin
1467 3012 1562 3083 Absull
1578 3012 1628 3067 der
1641 3010 1717 3066 Seele
1735 3030 1787 3067 roa
1803 3012 1856 3067 aa
1874 3013 2014 3067 alarion-

200 3096 288 3150 lr'clrea
305 3095 401 3153 Ideea.
419 3096 464 3150 die
480 3097 520 3149 ste
536 3097 566 3151 ia
584 3097 633 3150 der
647 3096 844 3151 Praemittens
856 3098 997 3160 sollertem
1014 3112 1049 3150 so
1068 3096 1147 3151 dass
1165 3098 1224 3150 :vir
1241 3098 1353 3161 sebert,
1373 3099 1434 3151 :aie
1450 3097 1534 3152 αιιοὴ
1551 3098 1654 3152 solon
1673 3096 1726 3151 die
1744 3097 2013 3153 erleacltetereu

201 3179 329 3234 Heidca
351 3183 391 3233 ιὐι
410 3181 526 3235 licite
549 3182 608 3236 des
626 3182 811 3237 floruissent
828 3183 919 3236 reicit
941 3201 1005 3236 aar
1022 3182 1173 3236 einzelne
1190 3181 1424 3253 Hoadluagea,
1448 3181 1593 3237 readers
1618 3181 1679 3236 dea
1700 3180 2016 3237 Gerammtzusfoad

201 3263 256 3319 des
276 3263 452 3319 Menecles
471 3266 523 3319 als
541 3267 618 3320 bdse
634 3266 781 3322 τνίιαιιαί
799 3268 940 3322 ίιαοετι.“

372 3370 434 3433 110)
450 3366 500 3435 Ep.
520 3377 576 3431 110,
595 3376 625 3421 8:
652 3368 766 3434 „Nolle
788 3369 815 3422 in
837 3376 987 3433 causaest,
1009 3382 1071 3422 non
1089 3380 1184 3435 posse
1202 3366 1419 3435 praetenditur“;
1446 3368 1479 3423 cf.
1498 3367 1544 3422 Er.
1561 3368 1654 3423 ldatth.
1673 3377 1717 3433 23,
1736 3379 1781 3424 et:
1811 3368 2013 3443 ,Ἰερουσαλήμ

199 3448 394 3522 Ἰερουσαλήμ,
419 3447 657 3517 ήᾶποκιείνουσα
681 3451 742 3514 τοὺς
764 3451 920 3526 προφήτας,
945 3458 990 3507 καὶ
1013 3455 1198 3521 λιθοβολοῦσα
1220 3451 1283 3512 τούς
1303 3453 1527 3523 ἀπεσταλμένους
1549 3451 1618 3526 πρὸς
1636 3450 1729 3523 αὐτήν,
1755 3453 1872 3516 ποσάκις
1894 3454 2015 3523 ήθίλήσα

202 3536 418 3606 ἐπισυναγαγεῖν
435 3533 468 3588 τὰ
487 3541 569 3590 τίκνα
587 3554 646 3607 σου,
666 3534 700 3593 ὃν
718 3536 822 3610 τρόπον
839 3540 999 3610 ἐπισυνάγει
1019 3533 1092 3608 ’ὄρνις
1109 3535 1142 3591 τὰ
1162 3540 1260 3592 νοσσία
1274 3533 1357 3603 αὐτῆς
1376 3533 1430 3591 ὑπὸ
1449 3537 1495 3598 tric
1513 3543 1664 3611 πτίρυγας,·
1688 3543 1735 3593 καὶ
1761 3539 1812 3595 οὐκ
1834 3538 2014 3609 ήθελήσοτε.“
2093 3576 2102 3600 .

374 3639 436 3704 117)
455 3635 504 3705 Ep.
522 3645 562 3701 95,
581 3646 627 3692 bt:
654 3640 769 3710 „Actio
786 3650 859 3695 recta
876 3658 930 3695 nou
948 3642 1009 3701 erit,
1027 3641 1079 3694 nisi
1096 3645 1169 3693 recta
1186 3638 1266 3691 fuerit
1283 3639 1454 3703 voluntas:
1481 3654 1573 3693 mrsu:
1600 3641 1753 3695 volontas
1780 3655 1833 3696 oon
1859 3643 1910 3695 erit
1935 3651 2016 3706 recta,

203 3720 254 3775 nisi
280 3720 414 3773 habitus
440 3721 537 3775 animi
563 3730 651 3777 rectus
677 3725 764 3778 fuerit
799 3725 841 3777 Ab
860 3724 909 3778 hoc
928 3725 997 3779 eninr
1016 3731 1057 3778 est
1074 3724 1209 3778 voluntas:
1237 3720 1380 3776 babitus
1404 3736 1484 3790 porro
1511 3724 1608 3777 animi
1635 3740 1688 3779 oon
1711 3726 1762 3779 erit
1778 3726 1806 3779 in
1824 3726 1938 3795 optimo,
1963 3727 2015 3781 nisi

202 3805 306 3859 totius
323 3806 411 3860 vitae
429 3805 521 3873 leges
540 3809 746 3875 perceperit,
764 3817 802 3874 et,
820 3809 883 3877 quid
902 3810 934 3863 de
953 3825 1058 3877 quoque
1075 3807 1245 3862 iudicandum
1262 3808 1307 3863 sit.
1325 3808 1456 3875 exegerit,
1482 3807 1533 3861 nisi
1555 3824 1610 3864 res
1632 3809 1671 3863 ad
1693 3826 1804 3865 rerum
1832 3812 2016 3878 redegerit.

204 3888 272 3943 Non
299 3891 465 3958 contingit
491 3893 728 3958 tranquillitas
755 3894 816 3947 uisi
844 3893 1051 3948 immutabile
1078 3901 1270 3960 certumque
1296 3892 1457 3946 iudicium
1484 3893 1650 3961 adeptis.“
1686 3893 1737 3962 Ep.
1757 3903 1845 3961 9911
1873 3895 1958 3963 „Quid
1976 3902 2017 3950 est

205 3974 374 4028 bectorita?
400 3974 534 4029 Securitas
553 3983 580 4029 et
596 3985 726 4046 perpetua
743 3978 928 4045 tranquillitas.
963 3977 1039 4031 Hanc
1062 3977 1138 4033 dabit
1161 3978 1241 4032 animi
1263 3977 1431 4046 magnitudo:
1456 3979 1532 4033 dabit
1552 3979 1702 4033 constantia
1718 3979 1786 4033 bene
1804 3979 1912 4034 iudicati
1928 3986 2018 4034 tenax.

206 4058 248 4111 Ad
266 4059 332 4112 haec
350 4059 482 4126 quomodo
500 4062 673 4127 pervenitur?
700 4062 730 4115 Si
749 4064 873 4117 veritas
891 4070 960 4116 tota
983 4069 1161 4130 perspecta
1183 4070 1267 4122 est“;
1285 4061 1318 4115 cf.
1332 4061 1378 4115 Eu.
1392 4061 1455 4117 Luc.
1471 4072 1510 4128 aa,
1525 4072 1572 4118 ³4:
1603 4062 1643 4117 ot
1660 4063 1715 4136 γὰρ
1735 4064 1835 4132 οἴδασι,
1853 4070 1882 4118 τί
1897 4068 2017 4131 πωοῦσι,

376 4162 435 4229 119)
453 4159 503 4228 Ep.
522 4170 562 4226 28,
581 4170 610 4215 s:
638 4162 766 4227 „Initium
785 4163 877 4216 salutis
895 4172 936 4217 est
953 4163 1047 4217 notitia
1064 4166 1190 4231 peccati.“

378 4261 440 4327 119)
458 4259 506 4328 Ep.
524 4269 569 4316 91.
589 4271 636 4315 9οι
665 4262 753 4329 „Quid
771 4270 812 4317 est
829 4270 930 4328 autem,
948 4281 996 4318 cur
1013 4279 1066 4317 non
1083 4266 1217 4319 existimes
1234 4267 1261 4319 iu
1280 4280 1312 4318 eo
1330 4265 1409 4318 divini
1428 4264 1528 4332 aliquid
1546 4267 1681 4332 exsistere,
1699 4268 1745 4336 qui
1757 4268 1800 4323 dei
1814 4282 1876 4336 pars
1894 4271 2018 4323 011111-

207 4342 255 4410 lip.
274 4351 331 4406 110,
351 4353 395 4397 14:
422 4344 515 4408 „Mene
532 4345 587 4411 dei,
605 4361 638 4399 ex
656 4363 708 4415 quo
725 4362 788 4415 pars
805 4355 833 4401 et
849 4349 877 4401 io
895 4347 946 4402 hoc
964 4357 1056 4417 pectus
1073 4349 1185 4402 mortale
1202 4349 1337 4404 defluxit‘·
1364 4350 1404 4405 Cf.
1423 4355 1484 4403 acta
1500 4351 1611 4418 apostol
1625 4360 1664 4416 11,
1677 4361 1725 4407 te:
1754 4352 1817 4421 ,Ἐν
1834 4352 1909 4422 αὐτῷ
1928 4356 2018 4425 (θεῷ)

205 4423 260 4496 γὰρ
278 4429 368 4497 ζῶμεν
383 4432 430 4482 acal
447 4426 602 4501 κινούμεθα
621 4436 668 4486 καὶ
684 4433 778 4504 ἰσμίν·
797 4428 834 4493 ῶς
852 4437 901 4487 καί
915 4452 985 4494 τινες
1003 4432 1139 4487 τῶνκαθ’
1158 4429 1230 4505 ὑμᾶς
1248 4435 1372 4501 ποιητῶν
1389 4433 1519 4504 ciprinum·
1538 4437 1587 4490 rori
1604 4434 1658 4508 γὰρ
1676 4440 1723 4490 καὶ
1741 4443 1821 4508 γίνος
1837 4439 1951 4508 ίσμίν.“

377 4532 438 4596 110)
456 4530 604 4598 111110,οι
627 4533 702 4597 „Non
721 4541 762 4588 est
780 4535 884 4591 beatus.
902 4535 946 4603 qui
966 4536 1028 4588 scit
1045 4535 1102 4595 illa,
1120 4533 1167 4588 sed
1185 4535 1230 4603 qui
1247 4534 1360 4601 fecit“;
1379 4536 1410 4590 of.
1423 4536 1473 4605 Ep.
1485 4536 1538 4592 Iac.
1553 4548 1574 4601 1,
1587 4545 1633 4591 at:
1661 4536 1738 4605 ,οὐκ
1755 4537 1890 4611 ἀκροατής
1908 4541 2020 4608 ἐπιλήσ-

204 4613 294 4679 μονήτ
310 4613 467 4684 γενόμενος,
487 4613 557 4668 dttt
577 4615 688 4683 ποιητής
705 4617 797 4688 ἔργου.
819 4608 898 4682 οὗτος
914 4616 1051 4692 μακάριος
1067 4620 1099 4674 ίν
1117 4620 1148 4692 τῇ
1166 4618 1271 4687 ποιήσει
1291 4619 1377 4675 αὑτοῦ
1395 4623 1501 4676 ἔσται.“

379 4717 442 4781 121)
460 4714 508 4782 Ep.
525 4724 584 4778 101,
605 4724 650 4770 115:
679 4717 784 4786 „Qum
804 4719 889 4773 bene
907 4720 979 4774 rivas
995 4720 1089 4786 refert,
1107 4734 1161 4775 noo
1179 4735 1258 4788 quam
1276 4721 1360 4775 diu.“
1380 4752 1412 4763 -
1431 4722 1470 4778 Cf.
1488 4724 1564 4779 Pauli
1583 4723 1632 4794 Ep.
1650 4725 1684 4779 ad
1702 4722 1778 4780 Rom.
1797 4737 1835 4792 11,
1854 4737 1882 4782 8:
1908 4725 1972 4782 Ἐάν
1990 4747 2018 4782 τε

205 4796 260 4867 γὰρ
279 4801 374 4868 ζῶμεν,
398 4800 436 4866 τῶ
453 4805 538 4872 κυρίῳ
556 4801 654 4870 ζῶμεν·
679 4798 730 4857 dciv
747 4820 773 4857 τε
793 4800 1024 4876 ἀποθνήσκωμεν,
1050 4808 1088 4874 τῷ
1109 4808 1195 4879 κυρίῳ
1217 4802 1442 4877 ἀποθνήσκομεν,
1465 4809 1511 4875 qui
1533 4809 1607 4864 locus
1630 4811 1697 4864 bene
1719 4810 1866 4880 explicante
1883 4819 1924 4866 est
1941 4813 1969 4866 in
1985 4827 2019 4868 00

205 4882 280 4946 libro,
298 4883 344 4949 qui
361 4883 516 4937 inscribitur
534 4883 683 4940 Biblircftes
706 4885 898 4947 Warterdaclt.
916 4887 1077 4962 ὴονπιιτγερ.
1098 4906 1150 4945 oon
1168 4887 1202 4944 Η.
1222 4887 1309 4944 zeter
1326 4891 1371 4960 (Τ.
1385 4892 1420 4945 11.
1437 4908 1461 4960 p.
1476 4897 1545 4964 101)

380 4986 442 5050 raa)
460 4981 509 5052 Ep.
523 4995 584 5047 101,
603 4994 633 5039 a:
660 4988 870 5058 „Indulgendum
897 4995 938 5041 est
964 4989 1114 5044 honestis
1142 4988 1289 5045 adfectibus
1312 4992 1341 5059 (i.
1358 5007 1382 5045 e.
1399 4995 1524 5063 gaudiis)
1559 4996 1668 5052 Homini
1685 4996 1836 5053 Christiano
1853 5006 1942 5053 autern
1966 5015 2019 5054 noo

207 5068 294 5121 miuus
312 5068 392 5121 licere
410 5067 510 5123 talibus
527 5070 633 5137 gaudiis
650 5071 714 5126 frui.
732 5073 819 5126 ltleier
833 5074 863 5140 (l.
881 5073 897 5125 1.
915 5090 940 5141 p.
955 5077 1017 5139 109)
1031 5075 1098 5131 locis
1116 5089 1130 5127 e
1149 5089 1217 5129 noro
1234 5082 1392 5132 testamemo
1409 5079 1498 5134 allatis
1516 5081 1620 5150 probat.
