4380 5602
1086 401 1124 462 10

205 600 443 666 ncommodis
461 601 622 668 afficiat
635 600 696 686 ⁶⁴),
719 601 816 668 haec
832 608 906 685 est,
928 600 1029 683 quod
1047 620 1115 666 eos
1134 620 1264 667 verum
1283 600 1400 667 robur
1418 601 1609 684 colligere
1633 599 1718 665 vult
1731 596 1792 681 ⁸⁵).
1827 597 1894 665 Sed
1912 600 2009 665 etiam

195 708 398 775 universitati
423 711 588 802 societatis
610 711 772 777 humanae
794 710 914 794 optime
937 710 1088 793 consulit,
1114 730 1199 794 quae
1225 717 1275 777 est
1300 712 1432 777 altera
1455 730 1588 777 causa.
1632 710 1716 797 Nam
1740 709 1804 792 illi,
1830 708 1909 774 dum
1927 709 2010 776 dura

195 818 369 902 patiuntur,
388 827 420 885 et
437 820 519 885 alios
536 820 661 887 fortiter
677 822 747 905 pati
764 821 881 887 docent
894 817 946 900 ⁶⁶)
964 827 996 886 et
1017 820 1204 904 ostendunt,
1230 840 1314 904 qnae
1331 821 1449 903 vulgus
1466 819 1605 904 adpetit,
1629 838 1713 904 quae
1731 818 1932 903 reformidat,
1950 841 2010 887 nec

196 914 281 992 bona
299 948 370 994 esse
389 949 448 995 nec
465 930 566 1013 mala,
592 932 758 1014 quoniam,
785 949 868 1014 quae
894 929 974 995 deus
999 929 1043 994 ad
1069 930 1271 1014 turpissimos
1297 930 1416 1013 defert,
1441 950 1506 996 nou
1532 937 1667 1014 possunt
1689 928 1788 1012 bona,
1817 948 1900 1011 quae
1916 927 2010 994 bonis

195 1037 348 1120 iniungit,
366 1058 429 1104 uon
447 1047 582 1123 possunt
599 1041 688 1105 mala
706 1061 778 1107 esse
793 1038 854 1121 67).

365 1163 513 1247 Accedit,
531 1165 616 1248 quod
632 1166 774 1232 adversa
791 1167 931 1250 optimus
949 1165 1083 1248 quisque
1101 1184 1164 1229 non
1192 1166 1297 1247 magis
1323 1165 1444 1231 inritus
1469 1165 1603 1249 perfert,
1629 1183 1726 1247 quam
1746 1165 1838 1230 tortis
1855 1165 1949 1230 miles
1966 1162 2010 1229 ad

195 1273 333 1357 patriam
352 1271 587 1339 defendendam
606 1295 697 1341 arma
714 1273 877 1358 sumit⁸⁸).
911 1275 1059 1357 Denique
1076 1273 1157 1340 deus
1175 1281 1307 1359 mutato,
1325 1275 1411 1357 quod
1429 1275 1601 1357 unicuique
1618 1273 1739 1339 homini
1759 1276 2009 1340 constitutum

196 1389 253 1464 est,
271 1382 337 1447 fato
353 1402 424 1446 cum
443 1385 572 1450 omnia
589 1385 790 1451 incommoda
808 1405 829 1450 a
845 1384 938 1451 bouis
955 1382 1176 1468 remorere⁶⁹)
1194 1405 1259 1450 non
1276 1392 1395 1468 posset,
1413 1383 1498 1468 quod
1511 1384 1624 1467 potuit,
1641 1384 1734 1450 tecit:
1755 1383 1882 1449 animos
1899 1402 2009 1450 eorum

196 1491 355 1557 adversus
373 1492 481 1558 omnia
499 1495 628 1577 pararit
641 1493 702 1576 ⁷⁰).
744 1494 838 1573 Quod
863 1501 973 1560 autem
1000 1502 1060 1560 est
1086 1495 1220 1577 malum,
1247 1492 1410 1576 improbas
1428 1494 1640 1576 cogitationes
1657 1501 1689 1559 et
1707 1493 1806 1559 avida
1825 1493 1959 1558 consilia
1977 1500 2010 1558 et

198 1600 323 1683 flagitia
343 1606 376 1666 et
393 1602 530 1686 scelera,
547 1603 589 1668 ab
607 1605 673 1670 illis
690 1605 787 1689 plane
805 1605 941 1670 removit
955 1600 1015 1686 ⁷¹).

364 1728 471 1811 Atque
490 1729 571 1795 haec
588 1730 743 1796 hactenns
763 1730 803 1795 de
822 1731 863 1795 iis
881 1729 1134 1812 calamitatibus,
1152 1748 1236 1813 qnae
1253 1729 1346 1795 bonis
1364 1728 1552 1795 subeundae
1571 1734 1653 1795 sunt.
1696 1727 1821 1806 Quibus
1843 1729 2010 1794 calamita·

196 1836 282 1902 tibns
298 1837 384 1921 qnod
402 1837 525 1904 Seneca
540 1839 618 1905 dicit
635 1839 731 1904 deum
750 1846 911 1923 propter
928 1859 1094 1905 amorem
1113 1847 1319 1924 paternum
1337 1838 1459 1904 bonos
1484 1838 1532 1904 ad
1557 1859 1687 1905 eorum
1711 1839 1864 1904 animos
1883 1858 2010 1905 emen·

119 2015 122 2024 ,
196 1946 351 2013 dandos
369 1946 510 2030 afficere,
528 1947 616 2032 apud
635 1949 784 2013 nullum
803 1949 1040 2015 Graecorum
1064 1950 1311 2033 scriptorem,
1340 1946 1425 2031 quod
1444 1948 1558 2030 sciam,
1584 1948 1779 2015 eiusmodi
1808 1949 2011 2014 sententia

195 2057 413 2121 invenitur.
458 2057 501 2121 At
519 2058 681 2123 invenitur
698 2058 757 2123 hoc
775 2060 808 2124 in
827 2080 910 2127 novo
929 2065 1137 2125 testamento:
1177 2046 1253 2138 ,Ur
1276 2055 1338 2144 γὰρ
1368 2048 1485 2143 ἀγαπᾶ
1508 2050 1632 2144 κύριος,
1661 2050 1828 2122 παιδεύει·
1854 2060 2013 2142 μαστιγοῖ

196 2163 234 2230 δὲ
260 2160 371 2229 πάντα
397 2159 483 2239 υἱόν,
511 2153 550 2229 ὃν
577 2165 818 2253 παραδέχεται“
833 2165 895 2250 ⁷²).
947 2168 1068 2234 Eodem
1096 2169 1249 2252 pertinet,
1281 2168 1365 2251 quod
1391 2168 1457 2232 alio
1484 2169 1555 2235 loco
1582 2171 1736 2254 scriptum
1764 2176 1827 2252 est,
1858 2161 1927 2246 „tiu
1955 2165 2012 2233 διὰ

196 2273 329 2340 πολλῶν
345 2271 503 2360 θλίψεων
520 2277 572 2341 δεῖ
591 2269 677 2362 ἡμᾶς
699 2271 865 2342 εἰσελθεῖν
882 2271 928 2354 εἷς
945 2273 1004 2362 τὴν
1019 2274 1194 2358 βασιλείαν
1211 2278 1270 2341 τοῦ
1285 2277 1389 2341 deor?
1407 2277 1470 2359 ⁷³).

369 2403 512 2484 ,Quibus
529 2425 605 2469 vero
624 2405 705 2471 dens
724 2405 892 2488 indulgere
910 2405 1051 2488 videtur,
1069 2405 1185 2488 quibus
1203 2424 1348 2489 parcere,
1365 2406 1479 2471 molles
1497 2404 1643 2471 venturis
1661 2404 1756 2469 malis
1773 2411 1891 2469 servat.
1916 2405 2012 2470 Errat

196 2514 295 2597 enim,
322 2515 349 2577 si
379 2514 452 2597 quis
478 2533 670 2597 quemquam
697 2523 867 2599 exceptum
894 2515 1032 2580 indicat:
1059 2516 1168 2581 veniet
1200 2514 1243 2580 ad
1270 2515 1360 2579 illum
1387 2514 1444 2580 diu
1470 2515 1596 2580 felicem
1620 2508 1679 2578 sua
1703 2513 1815 2596 portio.
1858 2511 2012 2596 Quisquis

195 2621 323 2689 videtur
341 2622 495 2687 dimissus
514 2643 602 2707 esse,
620 2624 742 2690 dilatus
760 2626 836 2690 est.“
853 2622 904 2707 Η)

363 2748 525 2814 Accedam
544 2752 608 2816 iam
627 2750 670 2815 ad
688 2749 737 2834 id,
755 2751 840 2834 qnod
859 2751 961 2816 altero
978 2750 1048 2815 loco
1068 2757 1117 2815 est
1134 2749 1302 2815 obiectum.
1345 2747 1438 2827 Quod
1458 2749 1543 2814 enim
1562 2750 1665 2814 malos
1688 2769 1786 2834 saepe
1810 2749 1961 2815 lascivire
1980 2757 2012 2815 et

196 2855 416 2941 voluptatibus
434 2857 533 2926 fluere
547 2856 598 2942 Η)
621 2861 744 2926 mirans
770 2860 866 2926 deum
893 2857 1122 2925 iniustitiae
1149 2858 1367 2925 accusandum
1394 2858 1577 2941 affirmasti,
1602 2879 1643 2925 ne
1670 2859 1731 2924 hac
1757 2859 1888 2946 quidem
1915 2860 1950 2924 in
1977 2880 2012 2926 re

197 2966 353 3033 Senecam
367 2967 469 3034 habes
482 2970 722 3035 assentientem.
753 2971 838 3035 Nam
852 2990 923 3034 cnm
941 2968 1001 3033 hoc
1018 2967 1138 3034 babeat
1155 2970 1319 3052 proprium
1337 2969 1475 3051 iustitia,
1494 2976 1529 3033 ut
1542 2989 1636 3034 snum
1652 2970 1766 3052 cuique
1780 2967 1909 3050 tribuat,
1923 2968 2013 3051 deus,

197 3078 326 3160 qualem
345 3076 469 3142 Seneca
487 3086 594 3144 mente
613 3080 770 3163 concepit,
792 3079 1038 3145 iustissimus
1059 3084 1117 3143 est.
1160 3078 1309 3160 Namque
1327 3078 1464 3161 primum
1482 3080 1575 3161 mali,
1619 3097 1793 3160 uamquam
1811 3078 2011 3161 aliquamdiu

198 3207 270 3252 esse
288 3186 431 3251 felices
453 3188 654 3273 videntur,
672 3198 780 3256 tamen
799 3209 874 3256 non
892 3194 991 3253 sunt.
1037 3188 1146 3270 ,Isti,
1164 3207 1258 3270 quos
1276 3208 1342 3271 pro
1361 3187 1551 3253 felicibus
1569 3187 1760 3271 adspicis,
1781 3190 1812 3254 si
1831 3209 1919 3271 non,
1938 3207 2012 3270 qua

198 3304 421 3379 occurrunt,
449 3297 514 3362 sed
532 3318 605 3379 qua
622 3299 762 3382 latent,
779 3299 950 3371 videris,
978 3296 1112 3362 miseri
1140 3304 1242 3380 sunt,
1268 3297 1433 3381 sordidi,
1459 3306 1607 3382 turpes,
1634 3297 1682 3362 ad
1708 3298 2010 3363 similitudinem

197 3405 395 3487 parietum
414 3427 570 3473 suorum
589 3409 839 3474 extrinsecus
858 3407 969 3473 culti.
1001 3407 1074 3473 Non
1093 3415 1143 3472 est
1161 3407 1225 3471 ista
1243 3406 1374 3472 solida
1393 3415 1425 3473 et
1442 3409 1599 3473 sincera
1618 3407 1809 3490 felicitas,
1828 3416 1936 3473 crusta
1954 3416 2013 3485 est,

197 3520 229 3577 et
253 3514 383 3595 quidem
406 3515 520 3581 tenuis.
563 3517 769 3601 ltaquedum
789 3519 1052 3584 illislicetstare
1071 3515 1165 3582 etad
1186 3515 1354 3582 arbitrium
1372 3539 1464 3583 suum
1489 3516 1629 3597 ostendi,
1653 3517 1756 3582 nitent
1779 3525 1811 3582 et
1835 3517 2012 3602 imponunt.

199 3620 279 3686 Cum
298 3623 421 3705 aliquid
438 3625 564 3709 incidit,
588 3627 673 3710 quod
692 3627 850 3693 disturbet
875 3647 914 3693 ac
940 3626 1084 3708 detegat,
1111 3632 1186 3690 tunc
1214 3626 1363 3709 adparet,
1390 3635 1545 3709 quantum
1562 3628 1651 3692 altae
1669 3647 1706 3692 ac
1730 3646 1828 3691 rerae
1846 3626 2012 3693 foeditatis

204 3893 454 3902 --.-.-

369 4101 400 4145 ει
429 4092 498 4146 lbid.
517 4103 544 4152 ι.
564 4104 587 4146 s.

369 4093 415 4241 65))
433 4177 501 4231 lbid.
519 4180 543 4233 2.
563 4189 586 4232 o.
612 4179 644 4233 ct'.
662 4188 685 4242 4,
707 4188 745 4241 15,
772 4179 871 4235 ..bonos
890 4178 971 4235 viros.
989 4187 1019 4232 ut
1035 4181 1230 4243 confirmentur,
1248 4181 1376 4233 concuti.··

369 4266 414 4326 66)
432 4261 500 4315 lbid.
519 4271 542 4317 6.
560 4272 583 4325 3,
602 4278 654 4331 quo
672 4264 729 4316 loro
748 4262 812 4316 haec
830 4278 934 4331 quoquae
952 4263 1090 4331 leguntur:
1110 4263 1187 4327 „Nati
1205 4272 1267 4317 sunt
1284 4265 1311 4317 iu
1330 4264 1488 4331 exemplar.“

372 4350 417 4410 67)
434 4345 500 4399 lbid.
520 4357 543 4403 5.
565 4358 625 4415 lsq.

371 4432 416 4495 aa)
433 4430 503 4484 lbid.
521 4441 544 4495 ε,
563 4441 624 4500 usq.

370 4514 499 4579 ca)1uid.
518 4524 540 4571 6.
561 4525 583 4570 ῖ.

372 4600 501 4665 70)1bid.
520 4609 542 4664 6,
562 4612 585 4656 6.

373 4685 500 4752 rr)1bid.
520 4695 543 4741 a
563 4697 585 4742 1.

372 4773 417 4836 ra)
434 4769 519 4838 Epist.
537 4770 571 4824 ad
589 4770 671 4825 chr.
691 4781 734 4827 ra.
754 4781 776 4824 c.

372 4859 416 4921 aa)
433 4855 492 4907 Act
510 4864 593 4923 apost.
613 4867 655 4913 14.
675 4865 715 4912 22.

373 4941 416 5007 74)
435 4938 477 4992 De
496 4953 568 5007 prov.
587 4952 616 4995 4.
636 4950 658 4993 t.

372 5030 415 5089 rs)
437 5025 502 5079 lbid.
522 5036 543 5081 1.
563 5035 586 5078 a.
