4380 5602
1082 435 1101 495 9

185 638 398 723 respondent:
415 658 502 702 nunc
517 637 689 720 puerilium
707 637 854 702 dentium
873 637 998 718 lapsus,
1023 656 1109 700 nunc
1138 635 1183 699 ad
1209 641 1394 717 surgentem
1418 635 1483 698 iarn
1510 640 1650 699 aetatem
1676 635 1765 699 etin
1790 634 2000 699 robustiorem

185 751 322 833 gradum
342 753 562 813 transeuntem
581 745 736 829 pubertas
755 753 787 810 et
807 745 939 809 ultimus
956 745 1012 809 ille
1031 744 1112 809 deus
1135 744 1279 826 surgent-i
1298 744 1448 809 iuventae
1470 744 1641 808 terminum
1663 745 1812 827 ponens.“
1851 744 1999 824 Denique

186 861 250 925 alio
265 853 396 938 loco⁵²)
419 855 650 947 ,ingratissimi
667 856 868 922 mortalium“
892 856 1112 937 appellantur,
1126 843 1185 937 ¹qui
1204 875 1269 920 non
1287 854 1357 934 deo,
1379 853 1436 917 sed
1454 861 1622 918 naturae
1641 874 1676 918 se
1692 853 1811 919 debere
1832 853 2000 918 affirment.

353 967 409 1048 At,
439 966 562 1048 inquiet
589 965 722 1048 aliquis,
749 985 833 1047 quae
861 970 910 1029 est
937 964 1000 1028 ista
1026 963 1225 1047 benignitas,
1251 982 1347 1044 quam
1372 970 1407 1027 tu
1427 964 1525 1044 longa
1543 964 1689 1028 oratione
1706 984 1742 1029 es
1759 974 1948 1047 prosecutus
1967 962 2000 1025 iu

186 1100 289 1162 eaque
308 1075 502 1142 celebranda
514 1076 630 1139 mirum
644 1083 800 1157 quantum
818 1074 875 1139 tibi
895 1076 1023 1157 placere
1040 1075 1130 1139 visus
1149 1075 1210 1139 es?
1237 1076 1322 1140 Num
1337 1073 1476 1138 concinit
1491 1095 1561 1138 cum
1577 1094 1632 1155 ea,
1650 1074 1735 1155 quod
1749 1075 1830 1140 deus
1845 1074 1999 1156 optimum

186 1207 344 1272 quemque
362 1186 430 1250 fere
448 1185 582 1249 summis
598 1185 694 1249 malis
711 1184 818 1266 afficit,
835 1183 1119 1249 sceleratissimum
1143 1204 1301 1266 quemque
1324 1183 1455 1266 impune
1478 1203 1614 1266 peccare
1636 1184 1737 1249 sinit‘l
1772 1185 1858 1248 Num
1876 1183 1936 1247 hoc
1953 1191 2002 1247 est

185 1297 333 1380 benigni,
359 1315 435 1360 num
462 1294 538 1358 iusti
565 1293 644 1359 dei?
680 1294 794 1375 ltaque
812 1295 894 1358 scire
912 1294 1024 1375 velim,
1056 1293 1134 1374 quid
1161 1291 1311 1358 Seneca
1339 1294 1381 1358 de
1408 1292 1467 1357 hac
1494 1313 1529 1357 re
1556 1293 1690 1376 sentiat,
1721 1312 1804 1374 quae
1822 1314 1888 1358 non
1904 1292 2000 1356 uideo

186 1405 344 1491 quomodo
363 1405 432 1469 eius
450 1403 491 1468 de
509 1403 561 1468 dei
580 1411 697 1468 natura
716 1403 882 1468 doctrinae
900 1410 1065 1484 congruat.

354 1513 501 1578 Concedo
520 1512 615 1578 facile
634 1532 688 1594 ea,
715 1532 798 1593 quae
825 1513 934 1595 attuli,
962 1532 1025 1576 nou
1053 1513 1123 1576 sine
1151 1512 1262 1594 aliqua
1290 1513 1398 1596 specie
1425 1513 1493 1577 veri
1520 1509 1676 1593 obici.⁵³)
1720 1513 1768 1576 Ac
1785 1532 1826 1576 ue
1844 1510 2000 1576 Senecam

188 1627 317 1710 quidem
336 1625 370 1689 id
389 1623 510 1704 effugit.
555 1623 633 1686 Eius
652 1622 751 1703 igitur
769 1620 850 1685 haec
866 1630 914 1686 est
933 1623 1104 1687 sententia.

355 1735 444 1797 Deus
463 1753 533 1796 cum
552 1731 711 1814 propitius
729 1732 934 1796 calamitosos
952 1728 1179 1814 respiciat-¹³⁴),
1204 1751 1269 1795 non
1296 1733 1493 1797 censendum
1521 1738 1571 1796 est
1596 1749 1670 1795 euru
1697 1728 1798 1794 bonos
1822 1727 1999 1810 torquendo

191 1845 361 1926 delectari,
383 1842 502 1925 quippe
522 1839 638 1922 quibus
661 1841 807 1905 anricus
829 1837 943 1923 sit⁵⁵),
965 1839 1154 1922 quibuscum
1173 1841 1474 1906 necessitudine
1492 1849 1523 1906 et
1545 1838 1807 1904 similitudine
1826 1838 2000 1918 coniunga-

189 1951 311 2035 tur-⁵⁶),
329 1974 425 2036 quam
444 1951 546 2015 virtus
567 1950 727 2014 conciliat.
770 1951 883 2032 Itaque
901 1949 1176 2032 quotienscunque
1195 1949 1294 2015 bonos
1313 1950 1453 2015 adversa
1470 1950 1599 2015 fortuna
1617 1948 1792 2013 conflictari
1811 1945 2002 2027 videbimus,

189 2063 285 2128 deum
308 2081 462 2127 accusare
480 2060 672 2125 verebimur.
716 2059 779 2137 Qui
802 2058 863 2124 etsi
882 2079 938 2123 ecs
957 2059 990 2122 in
1008 2058 1135 2124 deliciis
1160 2058 1269 2140 habet,
1292 2068 1402 2124 tamen
1425 2060 1612 2142 longissime
1630 2058 1722 2124 abest
1740 2057 1782 2122 ab
1800 2058 1858 2122 tali
1882 2075 2001 2136 amore,

188 2172 295 2254 qualis
312 2172 346 2236 in
364 2170 523 2235 matribus
545 2190 616 2235 esse
641 2172 737 2252 solet,
763 2188 847 2251 quae
871 2167 990 2232 liberos
1016 2169 1050 2232 in
1077 2169 1149 2232 sinu
1176 2168 1298 2251 fovere,
1326 2169 1359 2234 in
1388 2168 1501 2233 umbra
1520 2171 1698 2250 continere,
1724 2186 1890 2248 nunquam
1913 2164 2000 2244 flere,

189 2301 353 2363 nunquam
377 2280 575 2361 contristari,
601 2300 763 2361 nunquam
789 2277 937 2343 laborare
961 2279 1082 2342 volunt.
1095 2272 1146 2358 ⁵⁷)
1190 2276 1219 2340 Α
1239 2279 1296 2342 tali
1314 2279 1449 2343 mollitie
1471 2277 1649 2344 abhorrens
1677 2298 1747 2357 eos,
1774 2296 1854 2357 quos
1876 2273 2000 2358 probat,

188 2389 314 2454 fortiter
331 2384 490 2469 amat⁵⁸),
508 2388 648 2469 indurat,
666 2387 874 2469 recognoscit,
892 2381 1090 2469 exercetf‘l),
1109 2387 1194 2451 idem
1209 2388 1333 2452 faciens
1351 2395 1447 2470 atque
1465 2388 1570 2453 severi
1588 2395 1709 2471 patres,
1726 2386 1780 2469 qui
1794 2386 1876 2449 filios
1889 2384 2002 2448 durius

188 2494 403 2578 educant60),
429 2518 501 2562 curn
528 2516 584 2561 ecs
611 2498 780 2562 exercitari
807 2496 918 2561 iubent
945 2495 988 2560 ad
1016 2496 1126 2559 studia
1151 2494 1302 2560 obeunda
1328 2504 1466 2579 mature,
1494 2497 1619 2562 feriatis
1641 2516 1766 2579 quoque
1795 2493 1910 2559 diebus
1937 2512 2002 2557 non

187 2606 354 2689 patiuntur
372 2628 444 2673 esse
462 2607 582 2672 otiosos
599 2613 631 2671 et
650 2606 799 2671 sudorem
818 2606 883 2671 illis
901 2612 933 2670 et
951 2604 1112 2670 interdum
1131 2605 1283 2669 lacrimas
1301 2603 1539 2688 excutiuntM).
1575 2609 1689 2691 Itaque
1706 2607 1788 2671 deus
1806 2604 1912 2684 bonis,
1930 2621 2002 2666 curn

188 2735 246 2779 ecs
266 2735 362 2798 quam
389 2715 633 2780 honestissimos
660 2736 732 2780 esse
760 2716 882 2799 cupiat,
908 2714 1077 2779 materiam
1106 2712 1238 2796 praebet
1265 2715 1388 2797 aliquid
1412 2717 1557 2781 animose
1579 2716 1766 2798 fortiterque
1784 2712 1937 2791 faciendi,
1960 2709 2003 2774 ad

188 2843 283 2905 quarn
311 2845 379 2890 rem
407 2845 488 2909 opus
515 2832 563 2889 est
590 2824 701 2906 aliqua
718 2846 825 2890 rerum
839 2820 1100 2905 difficultate⁶²),
1126 2843 1190 2905 qua
1203 2826 1292 2889 velut
1310 2825 1431 2890 stimuli
1449 2826 1661 2891 admoventur
1679 2826 1811 2907 animis,
1834 2822 2004 2888 calamitas

188 2933 273 2998 enim
292 2935 420 2999 virtutis
438 2934 564 2999 occasio
582 2930 703 3012 est⁶³).

357 3041 572 3121 Quamobrem
590 3042 698 3126 prior
716 3062 850 3125 eausa,
878 3065 942 3108 cur
968 3042 1089 3108 bonos
1115 3051 1180 3107 aut
1207 3042 1309 3106 mala
1335 3043 1570 3109 valetudine
1597 3052 1663 3108 aut
1689 3045 1797 3108 luctu
1821 3050 1886 3107 aut
1909 3040 2003 3106 aliis

376 3362 382 3373 ·
421 3342 461 3395 1·
506 3340 554 3403 lv,
589 3350 638 3405 ,a

357 3346 404 3493 ii}
422 3343 500 3480 cliiiia
516 3351 691 3480 Acarglemicus
709 3425 780 3494 apud
799 3425 954 3480 Ciceronem
972 3425 1005 3479 de
1023 3432 1077 3480 nat.
1095 3425 1166 3480 decr.
1183 3427 1233 3492 111,
1251 3436 1292 3492 32,
1312 3436 1357 3480 79:
1386 3428 1512 3492 „Telamo
1534 3434 1622 3482 autern
1645 3442 1699 3481 uno
1717 3441 1795 3481 versu
1812 3426 1899 3480 locum
1917 3432 2001 3479 toturn

192 3512 310 3573 conficit,
328 3528 376 3564 cur
393 3511 421 3564 di
438 3509 559 3565 homines
576 3511 732 3579 neglegant:

622 3610 690 3664 Nam
708 3611 731 3664 si
748 3618 853 3675 curent,
871 3610 938 3663 bene
958 3610 1037 3664 bonis
1055 3612 1101 3675 sit,
1119 3613 1187 3666 male
1205 3614 1292 3678 malis,
1310 3612 1381 3681 quod
1398 3630 1468 3668 uunc
1486 3613 1568 3668 abest.

190 3712 333 3767 Debebant
350 3711 388 3765 illi
407 3711 513 3778 quidem
537 3725 628 3763 omnes
651 3709 737 3764 bonos
759 3712 877 3771 efficere.
902 3713 925 3766 si
947 3712 1052 3780 quidem
1076 3712 1212 3767 bominum
1235 3715 1326 3783 generi
1349 3715 1528 3769 consulebant.
1563 3715 1610 3769 Sin
1628 3713 1655 3768 id
1678 3716 1776 3774 minus,
1798 3715 1876 3769 bonis
1898 3715 2003 3782 quidem

189 3803 260 3851 certe
278 3796 417 3850 consulere
435 3794 592 3848 debebant··

358 3881 404 3946 64)
420 3879 462 3933 De
480 3879 555 3932 clem.
573 3878 607 3942 ll,
627 3885 650 3941 6,
668 3886 692 3932 3.

356 3969 404 4031 66)
422 3962 465 4017 Dc
484 3978 555 4032 prov.
576 3974 598 4028 1,
617 3969 640 4013 a.

360 4048 407 4113 66)
424 4045 492 4099 ibid.

357 4133 403 4199 cr)
421 4129 489 4184 Ibid
509 4140 537 4193 a,
556 4139 578 4183 c.

359 4217 406 4282 66)
423 4213 490 4269 ibid.

359 4302 403 4366 69)
422 4297 488 4351 lbid.
505 4309 528 4363 4,
547 4307 571 4351 6.

358 4387 404 4449 66)
421 4382 491 4436 lbid.
511 4395 533 4447 1,
553 4392 576 4436 6.

356 4470 401 4535 sl)
420 4466 486 4521 lbid.
500 4475 556 4531 aa.
575 4497 608 4508 -
626 4469 663 4522 Gi.
677 4479 700 4532 4,
715 4479 760 4527 11:
779 4471 888 4535 „Hanc
906 4471 1017 4540 itaque
1034 4472 1193 4526 rationem
1212 4473 1242 4526 di
1260 4480 1448 4542 sequuntur
1465 4475 1497 4528 in
1515 4476 1614 4533 bouis
1631 4479 1726 4541 viris,
1744 4493 1837 4546 quarn
1856 4480 1888 4535 in
1904 4481 2004 4536 disci·

187 4551 277 4618 pulis
295 4552 365 4606 suis
382 4559 629 4622 praeceptores,
647 4554 701 4621 qui
719 4555 793 4623 plus
811 4555 936 4612 laboris
954 4557 995 4611 ab
1013 4557 1055 4611 iis
1072 4558 1222 4626 exigunt,
1240 4560 1272 4614 in
1290 4561 1410 4627 quibus
1428 4560 1555 4615 certior
1572 4577 1648 4633 spes
1665 4570 1746 4617 est.‘·

359 4639 405 4704 aa)
422 4637 489 4692 Ibin
509 4648 536 4700 4,
555 4647 578 4691 6.

355 4724 401 4789 66)
418 4721 487 4777 lbid
505 4732 529 4788 l,
548 4732 570 4777 6.
588 4750 622 4762 -
641 4722 679 4778 cf.
697 4730 721 4788 6,
742 4730 771 4776 6;
798 4724 888 4788 „luter
905 4726 988 4780 multa
1008 4726 1149 4794 magnilica
1169 4726 1300 4782 Demetrii
1321 4731 1406 4784 coeni
1427 4737 1455 4785 et
1476 4731 1542 4786 haec
1565 4748 1616 4787 vox
1636 4740 1687 4799 est,
1713 4748 1729 4788 a
1751 4748 1804 4802 qua
1824 4748 1918 4789 recens
1935 4749 2001 4788 eum.

186 4804 269 4861 Sonat
286 4806 374 4861 adhuc
392 4808 522 4861 etvibrat
543 4809 570 4861 in
593 4807 704 4862 auribus
721 4809 800 4864 meis:
824 4807 903 4875 nihil,
924 4811 1020 4878 inquit,
1043 4811 1108 4865 mihi
1130 4811 1234 4865 ridetur
1250 4812 1381 4869 infelicius
1405 4830 1449 4879 eo,
1475 4816 1519 4871 cui
1540 4817 1606 4872 nihil
1632 4834 1749 4886 unquam
1775 4819 1863 4873 evenit
1889 4818 2000 4874 adversi.

187 4889 248 4945 Nou
265 4890 340 4945 licuit
357 4891 427 4944 enim
445 4891 483 4945 illi
501 4906 530 4945 se
547 4893 687 4960 experirir
724 4893 763 4949 cf.
782 4905 809 4959 4,
831 4905 859 4959 ις
882 4902 905 4960 6,
926 4904 971 4949 10:
998 4895 1082 4961 „Cum
1104 4896 1205 4962 omnia,
1226 4912 1295 4964 quae
1311 4908 1483 4955 excesserint
1500 4900 1617 4967 modum,
1635 4910 1759 4967 noceant,
1778 4903 2001 4972 periculosissima

186 4973 318 5029 felicitatis
335 4975 539 5044 intemperantia
556 4983 603 5030 eea
632 5008 665 5018 -
691 4978 788 5047 Quidni
806 4981 889 5035 satius
915 4981 950 5035 sit
976 4988 1131 5051 perpetuum
1157 4980 1339 5037 infelicitatem
1363 4984 1491 5040 advocata
1513 4985 1610 5041 rirurte
1636 4988 1768 5042 maduere
1792 5003 1871 5056 quarn
1890 4989 2000 5044 infinitis

186 5064 266 5125 atque
284 5058 431 5114 immodicis
449 5058 525 5115 bonis
542 5062 629 5131 rumpi
637 5066 666 5115 ‘d‘
