4380 5602
1079 404 1114 464 tu

197 604 283 681 ,Ista
309 600 402 666 nobis
424 603 542 684 opponi
565 603 681 686 solent,
710 614 744 668 nt
767 603 933 687 probetur,
959 606 1015 669 nil
1042 604 1243 670 voluntati
1270 610 1430 671 nostrae
1457 603 1634 668 relictum
1660 606 1691 665 et
1714 620 1819 665 omne
1843 599 2005 665 iuslato

193 711 399 776 traditum.
426 709 505 776 Onm
520 711 561 775 de
576 712 639 776 ista
654 733 687 777 re
702 720 825 795 agetur,
838 713 953 797 dicam,
967 714 1235 796 quemadmodum
1250 720 1430 779 manente
1448 713 1531 776 fato
1549 711 1702 791 aliquid
1720 711 1771 775 sit
1784 711 1823 774 in
1836 709 2006 774 bominis

193 820 395 885 arbitrio.“
441 819 520 885 Onm
539 840 615 886 vero
633 842 715 904 eum,
733 843 828 904 quem
846 843 881 887 se
896 825 1087 908 scripturum
1107 823 1254 906 promisit
1271 821 1430 904 libellum,
1448 831 1505 888 aut
1522 823 1592 905 ipse
1609 841 1674 885 non
1697 819 1836 885 ediderit
1853 823 1910 883 aut
1927 825 2005 882 tern-

192 951 305 1013 porum
316 930 434 994 iniuria
445 929 609 1012 deleverit,
627 932 832 1013 acquiescere
842 953 920 997 sane
930 935 1073 1015 cogimur
1082 933 1117 998 in
1126 934 1175 1014 iis,
1193 951 1276 1014 quae
1288 931 1510 1012 alioloco¹³l)
1525 931 1616 996 dicit:
1638 927 1876 1012 ,Quicquidest
1889 947 1929 993 ex
1946 927 2006 1007 his,

194 1039 311 1122 Lucili,
330 1041 396 1121 vel,
418 1041 445 1104 si
465 1040 573 1104 omnia
587 1038 668 1104 baec
685 1048 773 1124 sunt,
788 1041 1079 1125 philosophandum
1098 1050 1155 1107 est
1190 1042 1267 1107 Sive
1284 1063 1343 1107 nos
1361 1040 1553 1107 inexorabili
1573 1041 1645 1121 lege
1673 1039 1759 1103 fata
1785 1039 2007 1118 constringunt

194 1149 263 1213 sive
282 1148 434 1213 arbiter
451 1149 547 1214 deus
565 1157 681 1215 cuneta
699 1149 841 1233 disponit
859 1152 928 1216 sive
947 1171 1060 1216 casus
1079 1171 1131 1216 res
1151 1152 1308 1217 humanas
1327 1153 1398 1217 sine
1415 1151 1528 1216 ordine
1547 1149 1684 1233 impellit
1702 1156 1735 1213 et
1753 1149 1860 1229 iactat,
1878 1146 2007 1231 pbilo-

194 1257 334 1340 sophia
360 1278 418 1323 nos
441 1259 524 1322 tueri
545 1256 649 1323 debet.
693 1260 783 1324 Haec
810 1259 1047 1344 adhortabitnr,
1075 1270 1110 1325 ut
1136 1260 1197 1325 deo
1224 1259 1360 1325 libenter
1379 1280 1566 1342 pareamus,
1593 1259 1741 1323 fortunae
1769 1256 2007 1322 contumaciter.

194 1367 283 1432 Haec
309 1366 446 1449 docebit,
472 1374 507 1431 ut
536 1368 634 1433 deum
657 1371 817 1452 sequaris,
844 1369 930 1434 ieras
955 1371 1092 1435 casum.“
1110 1372 1179 1444 118)
1233 1368 1325 1447 Quae
1352 1369 1451 1435 rerba
1478 1368 1620 1434 dubitari
1642 1387 1707 1433 non
1733 1373 1841 1449 potest
1869 1365 1947 1447 quin
1972 1365 2007 1428 in

195 1477 278 1542 hane
295 1477 489 1542 sententiam
508 1478 572 1542 sint
591 1477 728 1560 scripta:
763 1477 839 1544 Sive
861 1480 962 1543 tatum
982 1486 1110 1561 regnat,
1140 1480 1208 1544 sive
1226 1481 1336 1545 omnia
1354 1499 1375 1543 a
1398 1479 1459 1544 deo
1478 1477 1633 1563 pendent,
1661 1496 1720 1541 uos
1749 1483 1858 1539 tamen
1885 1472 2006 1539 liberi

194 1605 313 1667 sumus,
332 1585 511 1669 sapientiae
530 1593 562 1650 et
579 1587 689 1651 virtuti
707 1586 808 1652 libere
826 1608 997 1671 possumus
1015 1588 1155 1669 studere,
1183 1596 1217 1653 ut
1244 1587 1373 1654 beatum
1400 1597 1432 1653 et
1458 1588 1667 1670 tranquillum
1685 1604 1838 1669 paremus
1855 1583 2007 1648 animum.

194 1693 310 1774 (Meier
327 1694 346 1758 l.
366 1694 385 1758 l.
403 1692 533 1776 p.134.)

361 1803 439 1886 Sed,
462 1812 497 1868 ut
516 1804 632 1870 iterum
650 1805 813 1871 adlatum
831 1827 1049 1890 recurramus,
1074 1809 1101 1872 si
1132 1808 1213 1888 ,dei
1236 1807 1399 1874 sententia
1421 1808 1566 1872 mutari
1589 1827 1664 1871 non
1686 1804 1836 1887 potest“
1859 1801 1937 1885 (nat.
1957 1821 2008 1884 qu.

195 1911 235 1976 ΙΙ.
254 1908 319 1994 36),
336 1912 413 1995 quid
433 1913 564 1978 tandem
582 1913 751 1995 proliciunt
768 1923 862 1982 vota
889 1915 936 1981 ab
959 1916 1181 1982 bominibus
1203 1915 1416 1999 suseepta?
1459 1916 1651 1995 Videamus,
1665 1914 1743 1995 quid
1761 1913 1822 1978 lrac
1839 1911 1881 1976 de
1897 1930 1932 1976 re
1951 1907 2008 1975 Se-

194 2040 275 2086 neca
298 2022 425 2086 sentiat
472 2023 644 2101 „Permitte
669 2023 762 2106 mihi,
789 2025 893 2108 inquit
907 2024 993 2110 119),
1019 2028 1108 2091 illam
1136 2027 1274 2107 rigidam
1301 2026 1376 2110 (int.
1402 2023 1599 2105 Stoicorum)
1627 2031 1748 2089 sectam
1776 2021 1858 2087 tueri
1887 2040 2008 2102 eorum,

196 2130 249 2212 qui
270 2131 435 2214 excipiunt
453 2132 517 2198 ista
536 2139 567 2197 et
589 2133 691 2198 nihil
709 2155 796 2200 esse
815 2136 925 2200 aliud
949 2155 1060 2217 quam
1087 2156 1231 2218 aegrae
1255 2138 1402 2202 mentis
1428 2135 1577 2201 solatia
1601 2134 1798 2199 existimant.
1841 2130 1940 2194 Fata
1962 2130 2009 2194 in·

195 2240 420 2305 revocabiliter
443 2243 494 2306 ius
522 2263 615 2307 suum
634 2253 794 2326 peragunt
817 2265 890 2310 neo
913 2245 979 2310 ulla
1008 2252 1300 2311 commoventur
1323 2265 1429 2330 prece.
1472 2245 1556 2309 Non
1579 2241 1853 2308 misericordia
1882 2239 2009 2322 ileeti,

195 2369 271 2414 non
288 2352 420 2430 gratia
438 2351 594 2416 sciunt.“
642 2353 701 2418 His
719 2354 913 2419 conferenda
937 2360 1019 2437 sunt,
1047 2373 1130 2436 qnae
1147 2356 1244 2437 paulo
1262 2354 1349 2420 infra
1368 2357 1519 2436 leguntur
1532 2357 1541 2393 ¹
1552 2350 1620 2434 41);
1646 2351 1756 2432 ,Hane
1773 2351 1808 2433 (i.
1826 2351 2009 2416 3113331111-

196 2457 309 2540 tatem)
332 2459 361 2524 si
385 2461 551 2527 sacrifieiis
573 2469 630 2526 aut
654 2465 759 2546 capite
787 2463 903 2530 niveae
930 2484 1035 2545 agnae
1062 2464 1188 2528 exorari
1220 2465 1354 2546 indicas,
1382 2464 1496 2528 dirina
1523 2483 1588 2527 non
1610 2460 1714 2526 nosti“
1744 2461 1868 2525 Rursus
1885 2457 2010 2524 Seneca

195 2569 260 2633 alio
280 2567 453 2651 loco1⁴¹):
484 2571 571 2649 ,Nos
593 2590 717 2653 quoque
735 2573 959 2638 existimamus
982 2580 1075 2640 rota
1097 2573 1292 2657 proficere
1319 2574 1433 2638 salva
1450 2573 1486 2637 vi
1514 2592 1558 2637 ae
1583 2577 1784 2655 potestate
1805 2568 2005 2634 fatorum.“

198 2678 342 2743 Fandem
364 2681 557 2745 sententiam
576 2680 707 2745 uberius
724 2681 776 2747 his
792 2683 900 2749 verbis
917 2685 1133 2767 persequitur:
1161 2684 1248 2762 ,Hoc
1265 2683 1300 2764 (i.
1318 2703 1345 2748 e.
1366 2684 1480 2762 ,deum
1498 2682 1579 2748 nihil
1598 2677 1731 2762 agere“)
1759 2680 1813 2761 qui
1831 2679 1924 2763 dicit,
1946 2697 2010 2744 non

197 2787 329 2851 exaudit
355 2790 556 2870 precantium
582 2811 679 2856 voees
708 2797 740 2856 et
768 2792 910 2875 undique
939 2792 1076 2859 sublatis
1104 2795 1137 2859 in
1167 2795 1291 2859 eoelum
1316 2792 1466 2857 manibus
1490 2797 1568 2855 rota
1585 2791 1787 2872 iacientium,
1817 2789 1946 2870 privata
1972 2806 2012 2852 ac

197 2894 334 2977 publica
378 2897 471 2976 Quod
489 2899 630 2982 profecto
649 2920 713 2965 non
732 2901 837 2985 fieret,
863 2922 923 2968 nec
946 2905 979 2967 in
997 2901 1082 2967 hunc
1100 2903 1239 2968 furorem
1257 2922 1368 2968 omnes
1386 2902 1539 2966 mortales
1557 2899 1798 2965 consensissent
1815 2896 2010 2980 adloquendi

197 3006 296 3071 surda
315 3008 447 3072 numina
466 3013 499 3072 et
516 3007 699 3073 inefficaces
717 3011 809 3095 deos,
828 3012 891 3078 nisi
905 3033 1074 3078 nossemus
1088 3014 1217 3077 illorum
1230 3010 1386 3077 beneficia
1404 3031 1489 3076 nunc
1507 3010 1617 3075 oblata
1631 3010 1728 3089 ultro,
1746 3029 1832 3074 nune
1845 3004 2012 3072 orantibus

197 3114 288 3199 data,
301 3136 429 3199 magna,
441 3118 643 3201 tempestiva,
657 3117 805 3199 ingentes
818 3122 922 3187 minas
935 3123 1117 3187 interventu
1132 3141 1190 3187 suo
1205 3121 1408 3185 solventia“¹
1420 3118 1471 3201 ⁴⁹)
1489 3120 1572 3185 Utra
1583 3119 1681 3201 igitur
1695 3117 1857 3183 sententia
1867 3115 2012 3182 Senecae

197 3225 411 3308 praeferenda
428 3225 590 3309 videatur,
609 3247 729 3310 eorum,
749 3230 803 3311 qui
822 3250 934 3314 preces
953 3230 996 3295 ad
1015 3233 1112 3296 deum
1133 3231 1236 3295 iactas
1254 3229 1402 3295 efficaces
1420 3248 1492 3294 esse
1516 3228 1734 3308 affirmant,
1752 3246 1795 3291 an
1814 3246 1938 3309 eornm,
1956 3226 2012 3306 qni

198 3340 358 3417 negant,
378 3336 411 3399 in
430 3335 536 3401 medio
555 3336 754 3419 relinquitur.

365 3445 434 3508 Nec
451 3445 557 3509 minus
574 3445 689 3511 incerti
715 3467 839 3530 sumus,
867 3468 938 3514 cnm
962 3449 1161 3534 quaerimus,
1188 3447 1329 3530 quidde
1356 3445 1611 3530 providentia
1638 3445 1777 3510 divina
1803 3445 1860 3510 ille
1886 3444 2014 3526 cogitet.

198 3553 400 3637 Quamquam
424 3553 525 3636 enim,
548 3554 582 3619 id
600 3556 687 3637 quod
710 3563 807 3622 antea
824 3557 1062 3642 demonstravi,
1089 3579 1161 3623 enm
1185 3557 1227 3623 de
1250 3554 1834 3636 1111111133111111311131311111,
1858 3552 2013 3619 mundum

198 3662 402 3747 providentia
421 3662 489 3743 regi
512 3683 615 3747 neque
634 3684 825 3748 quemquam
844 3666 897 3731 dei
916 3666 1143 3733 beneficiorum
1162 3672 1324 3750 expertem
1350 3684 1423 3731 esse
1443 3665 1534 3746 dicit,
1559 3671 1668 3730 tamen
1691 3663 1757 3728 alio
1782 3659 1930 3742 loco¹⁴⁸)
1948 3683 2014 3728 non

199 3770 326 3837 dubitat
343 3770 500 3855 profiteri,
517 3773 596 3840 deos
618 3773 828 3858 interdum,
846 3797 911 3842 uon
930 3797 1057 3861 semper
1075 3777 1275 3860 singulorum
1295 3774 1460 3839 hominum
1484 3773 1621 3839 salntem
1640 3792 1761 3837 curare.

372 4009 435 4073 131)
452 4006 501 4076 Ep.
521 4016 560 4069 13,
578 4016 603 4061 o.
628 4007 760 4075 Loquitur
776 4023 840 4063 anne
856 4023 888 4062 eo
906 4009 964 4076 ipso
982 4009 1039 4063 loco
1058 4010 1108 4071 ita,
1126 4010 1201 4076 quasi
1219 4008 1303 4063 latrum
1321 4023 1337 4061 a
1354 4007 1405 4060 deo
1423 4019 1485 4059 non
1502 4004 1657 4073 pendeat.

372 4094 433 4160 133)
451 4090 583 4144 Dubitare
602 4090 729 4146 Senecam
744 4093 803 4147 aliis
821 4108 927 4160 quoque
944 4094 1009 4147 locis
1027 4095 1156 4159 ridemus,
1181 4093 1263 4148 ueluti
1281 4099 1334 4146 nat
1352 4098 1452 4158 quaest
1470 4092 1491 4148 1.
1510 4090 1660 4158 prolege:
1688 4129 1715 4154 ,,.
1726 4104 1818 4142 ..cnm
1836 4087 1921 4145 diseo,
1945 4099 2014 4153 quae

201 4176 318 4230 umversi
335 4176 447 4230 materia
464 4176 511 4240 ait,
529 4176 588 4242 quia
606 4183 699 4229 auctor
715 4183 762 4231 aut
778 4184 879 4243 custos,
898 4177 963 4245 quid
980 4181 1015 4233 ait
1031 4180 1112 4244 dens,
1129 4185 1201 4232 totus
1219 4179 1246 4231 in
1264 4192 1293 4231 se
1310 4177 1431 4230 intendat
1448 4192 1482 4229 an
1501 4174 1535 4228 ad
1552 4189 1601 4228 noe
1620 4173 1762 4240 aliquando
1781 4171 1916 4239 respiciat,
1934 4169 2016 4224 faciat

199 4260 296 4314 cotidie
314 4259 415 4327 aliquid
437 4275 472 4313 an
492 4261 574 4314 semel
600 4259 704 4324 fecerit,
731 4276 793 4330 pars
820 4263 912 4316 mundi
937 4264 972 4317 sit
998 4280 1032 4318 au
1059 4263 1184 4328 mundus,
1210 4263 1310 4316 liceat
1335 4262 1388 4316 illi
1414 4260 1580 4326 hodieque
1608 4258 1791 4313 decernere
1817 4263 1848 4313 et
1874 4273 1913 4311 ex
1941 4256 2016 4324 lege

200 4343 345 4398 latorum
372 4343 497 4411 aliquid
524 4344 683 4412 derogare
710 4360 749 4399 on
775 4347 961 4402 maiestatis
984 4348 1164 4401 diminutio
1188 4348 1232 4401 sit
1249 4354 1280 4400 et
1297 4347 1462 4401 confessio
1485 4344 1611 4399 erroris
1629 4345 1784 4398 mutanda
1801 4333 2016 4397 iecisse.'...“

202 4430 240 4484 cf.
258 4430 309 4499 Ep.
330 4439 386 4494 lto,
405 4440 427 4484 a.

373 4518 435 4584 133)
454 4514 515 4570 Nat
533 4521 635 4582 quaeat
652 4514 692 4578 11,
710 4523 756 4580 33,
776 4526 838 4583 rsq.

375 4601 437 4668 140)
454 4599 521 4653 lbid
538 4601 580 4664 11,
598 4608 639 4655 ae.

374 4687 436 4751 111)
453 4684 524 4739 [oid.
541 4692 582 4749 nr,
601 4694 624 4738 a.

374 4772 436 4837 143)
454 4768 497 4821 De
515 4769 603 4823 benet.
621 4768 669 4832 lv,
688 4777 716 4831 1,
735 4778 757 4822 2.

376 4856 438 4921 148)
455 4852 504 4920 ap.
524 4861 565 4917 33,
582 4859 630 4906 33ε
657 4854 856 4916 ¹.‚...interdum
876 4855 973 4909 curiosi
995 4855 1181 4922 singulorum.“
1218 4856 1257 4910 Oi.
1275 4855 1326 4924 Ep.
1344 4865 1404 4919 110,
1422 4865 1451 4908 2:
1477 4855 1594 4917 „Postea
1611 4853 1769 4907 ridebimus.
1793 4868 1828 4906 an
1849 4859 1952 4906 tantm
1978 4851 2021 4905 dia

205 4948 291 5003 111331,
318 4946 347 4993 ut
366 4939 530 5006 privatorum
547 4939 654 5007 negotia
675 4947 831 5007 procurant:
857 4939 961 4994 interim
983 4939 1050 4994 illud
1071 4941 1149 5004 scito,
1171 4941 1226 4995 sire
1249 4941 1417 5008 adsignati
1439 4955 1530 4995 snmus
1556 4939 1611 4993 sire
1638 4939 1783 5006 neglecti
1810 4943 1838 4990 et
1863 4936 2019 4991 fortunae

204 5024 349 5088 dati‚...‘·
394 5023 432 5076 Cf.
449 5023 483 5077 de
501 5038 573 5093 prov.
591 5034 613 5085 3,
634 5034 655 5078 1.
