4380 5602
1015 499 1019 502 .
1088 415 1106 472 4

358 609 464 691 Atque
483 610 566 675 hanc
583 613 805 692 quaestionem
824 611 967 678 Senecae
986 613 1047 696 ipsi
1066 614 1196 693 ingenio
1215 612 1356 678 humano
1374 612 1598 694 dignissimam
1618 633 1690 679 esse
1708 615 1827 693 risam,
1845 633 1916 678 meo
1934 613 2004 678 iure

188 736 231 780 ex
248 717 290 782 iis
308 717 419 783 videor
437 720 601 802 colligere,
620 741 703 802 qnae
720 723 848 805 scripsit
866 723 900 787 in
917 723 1114 787 naturalium
1132 723 1356 804 quaestionum
1376 724 1395 786 l.
1410 723 1426 787 I
1443 725 1543 805 praet.
1562 725 1590 808 (l
1611 721 1687 805 sq.):
1719 723 1900 803 ,Quantum
1919 722 2005 787 inter

189 825 426 910 philosophiam
445 830 580 894 interest
598 839 630 896 et
650 837 776 896 ceteras
794 839 893 914 artes,
921 837 1045 896 tantum
1064 832 1221 897 interesse
1244 832 1391 897 existimo
1418 833 1452 896 in
1480 833 1553 917 ipsa
1577 832 1781 917 philosophia
1803 832 1887 897 inter
1913 831 2004 895 illam

188 943 329 1018 partem,
357 957 440 1018 quae
466 939 512 1003 ad
540 939 729 1023 homines,
756 949 788 1006 et
815 941 910 1024 hanc,
937 961 1020 1023 quae
1046 941 1094 1005 ad
1122 941 1215 1006 deos
1241 942 1389 1024 pertinet.
1442 941 1548 1008 Altior
1574 943 1655 1008 haec
1681 948 1730 1006 est
1759 947 1790 1006 et
1819 941 2004 1006 animosior.

187 1045 367 1128 Denique
399 1054 549 1113 tantum
581 1051 685 1115 inter
720 1051 817 1116 duas
851 1052 1030 1131 interest,
1064 1060 1247 1133 quantum
1280 1050 1383 1114 inter
1415 1051 1529 1116 deum
1561 1060 1598 1118 et
1629 1052 1833 1118 hominem.
1891 1051 2005 1115 Altera

188 1154 294 1239 docet,
312 1156 389 1237 quid
408 1157 441 1222 in
460 1160 555 1223 terris
573 1160 736 1241 agendum
754 1161 809 1241 sit,
836 1163 953 1241 altera,
984 1160 1061 1242 quid
1079 1168 1197 1241 agatur
1225 1161 1258 1224 in
1286 1160 1383 1225 coelo.
1427 1161 1540 1225 Altera
1567 1182 1691 1227 errores
1718 1170 1845 1227 nostros
1873 1159 2004 1224 discutit
2088 1150 2093 1155 ’

187 1267 346 1331 etlumen
363 1267 527 1350 admovet,
545 1288 608 1350 quo
626 1269 848 1335 discernantur
865 1269 1019 1352 ambigua
1039 1271 1142 1352 vitae,
1168 1271 1299 1335 altera
1321 1271 1442 1334 multo
1469 1291 1585 1354 supra
1613 1271 1723 1352 hanc,
1746 1272 1781 1336 in
1802 1289 1877 1352 qua
1894 1269 2003 1333 rolu-

189 1384 329 1459 tamur,
356 1377 569 1459 caliginem
595 1379 752 1443 excedit
781 1386 817 1445 et
844 1400 862 1444 e
889 1379 1064 1445 tenebris
1091 1388 1249 1462 ereptos
1276 1380 1462 1462 perducit
1488 1381 1571 1462 illo,
1600 1381 1700 1446 unde
1727 1381 1861 1445 lucet.“

355 1487 494 1551 Tantum
518 1496 626 1553 antem
650 1509 721 1553 cum
740 1490 796 1554 ille
818 1509 924 1553 rerum
947 1488 1130 1554 divinarum
1154 1489 1388 1554 investitationi
1415 1488 1549 1571 tribuat,
1575 1498 1825 1555 consentaneum
1846 1496 1893 1553 est
1921 1507 2004 1569 eum,

187 1614 268 1676 quas
285 1596 412 1660 salsas
437 1597 606 1679 opiniones
623 1606 820 1680 pervagatos
838 1617 909 1662 esse
926 1598 1108 1679 intellegat,
1134 1619 1205 1677 eas,
1231 1605 1386 1680 quantum
1404 1600 1521 1682 possit,
1538 1599 1680 1664 eximere
1698 1598 1828 1664 studere
1846 1618 1886 1662 ex
1904 1617 2003 1680 popu-

187 1704 303 1768 larium
321 1705 448 1770 animis.
491 1707 682 1789 Indignatur
700 1707 811 1788 igitur,
838 1708 1126 1791 quotienscunque,
1156 1727 1239 1790 quae
1257 1714 1396 1791 poetae
1426 1709 1467 1773 de
1486 1707 1537 1773 dis
1556 1713 1784 1789 narraverunt,
1809 1706 2003 1772 recordatur.

191 1813 275 1896 ,Sio,
298 1815 415 1898 inquit,
437 1822 563 1880 vestras
578 1816 847 1882 hallucinationes
865 1815 1001 1898 tero,¹⁰)
1026 1817 1294 1898 quemadmodum
1309 1818 1459 1900 luppiter
1473 1817 1614 1900 optimus
1636 1816 1797 1881 maximus
1827 1815 2003 1899 ineptias

187 1930 406 2006 poetarum,
424 1944 557 2007 quorum
576 1926 661 1991 alius
679 1926 728 1990 illi
745 1927 818 1990 alas
836 1925 997 2008 imposuit,
1016 1925 1100 1990 alius
1120 1946 1250 2008 cornua,
1272 1926 1357 1990 alius
1378 1926 1558 1991 adulterum
1578 1927 1669 1992 illum
1690 1925 1819 1991 induxit
1836 1933 1868 1990 et
1886 1923 2002 1988 abnoc-

181 2020 326 2116 tantem,
345 2034 430 2097 alius
448 2053 582 2098 saevum
600 2035 633 2098 in
652 2035 742 2117 deos,
764 2036 850 2100 alius
868 2035 1012 2117 iniquum
1031 2034 1064 2099 in
1083 2034 1242 2116 homines,
1268 2037 1353 2100 alius
1371 2043 1534 2117 raptorum
1552 2036 1765 2116 ingenuorum
1784 2042 2002 2125 corruptorem

188 2149 219 2205 et
247 2149 455 2223 cognatorum
487 2144 632 2226 quidem,
663 2145 748 2209 alius
781 2143 975 2228 parricidam
1009 2150 1041 2207 et
1073 2145 1163 2224 regni
1192 2144 1292 2209 alieni
1324 2145 1514 2228 paternique
1546 2153 1809 2228 expugnatorem.
1852 2141 2003 2220 Quibus

188 2251 288 2316 nihil
307 2252 419 2317 aliud
438 2260 565 2318 aetum
584 2252 618 2334 (i.
632 2274 659 2318 e.
677 2251 841 2335 effectum)
860 2259 934 2333 est,
959 2273 1072 2335 quarn
1090 2263 1130 2317 ut
1149 2254 1273 2335 pudor
1297 2253 1520 2319 hominibus
1547 2254 1737 2337 peccandi
1764 2254 2003 2331 demeretur,

187 2361 219 2426 si
249 2363 352 2427 tales
377 2362 472 2426 deos
498 2363 798 2428 credidissent.“
815 2361 865 2442 ¹¹)

345 2502 415 2509 1-——-
423 2503 439 2509 .-

188 2567 377 2632 voluptates
396 2570 526 2617 nostras
549 2563 737 2625 traducere,
756 2563 893 2615 laudare
910 2571 1037 2615 castum
1055 2579 1186 2630 corpus,
1208 2563 1351 2615 sobriam
1374 2578 1524 2625 mensam,
1547 2579 1660 2630 puram
1682 2571 1818 2616 mentem
1842 2575 1903 2612 non
1930 2566 2003 2610 tan-

186 2660 251 2706 tum
276 2651 316 2705 ab
341 2648 485 2704 inlicitis
503 2647 750 2715 voluptatibus,
774 2646 832 2701 sed
851 2649 949 2700 etiam
968 2648 1198 2714 supervacuis.
1218 2647 1349 2701 libebat
1370 2647 1646 2700 circumscribere
1664 2648 1770 2713 gulam
1789 2662 1824 2700 ac
1843 2652 2001 2698 ventrem.

187 2736 252 2789 lude
269 2733 334 2788 mihi
351 2733 481 2803 quaedam
499 2747 680 2800 permansere,
703 2732 796 2787 Lucili.
834 2731 930 2799 llagno
948 2732 1017 2786 enim
1036 2733 1064 2784 in
1081 2733 1171 2785 omnia
1187 2733 1294 2800 inceptu
1312 2746 1443 2784 veneram.
1470 2731 1576 2785 Deinde
1594 2733 1628 2785 ad
1646 2732 1759 2785 civitatis
1776 2730 1857 2783 uitam
1874 2729 2003 2782 reductus

189 2835 222 2872 ex
240 2821 307 2874 hene
325 2818 426 2887 coeptis
444 2832 529 2885 pauca
546 2817 662 2881 seruari,
685 2817 746 2870 inde
763 2817 859 2870 ostreis
877 2816 1025 2884 boletisque
1048 2816 1075 2868 in
1093 2831 1196 2869 omnem
1216 2816 1296 2869 vitam
1312 2816 1493 2870 renuntiatum
1511 2826 1558 2871 est.
1595 2816 1650 2870 Nec
1668 2816 1738 2870 enirn
1754 2816 1821 2880 cibi,
1845 2815 1893 2868 aod
1911 2813 2000 2866 oblec-

187 2912 304 2958 tamenta
329 2902 447 2958 suntad
470 2901 601 2956 edendum
623 2908 728 2955 saturos
749 2902 882 2968 cogentia,
907 2900 977 2968 quod
1000 2901 1178 2968 gratissimum
1200 2908 1241 2954 est
1264 2900 1389 2954 edacibus
1412 2910 1438 2954 et
1460 2918 1488 2954 se
1512 2902 1582 2956 ultra
1600 2917 1678 2968 quam
1697 2901 1805 2968 capiunt
1821 2898 2002 2955 sarcientibus,
2073 2948 2076 2953 .

188 2989 264 3043 facile
283 2989 454 3047 descensura,
472 2986 549 3039 facile
565 2985 690 3039 reditura
724 2985 790 3039 Inde
807 2987 835 3039 in
853 3000 957 3038 omnem
976 2986 1056 3038 vitam
1073 2991 1209 3053 unguento
1229 2985 1402 3049 abstinemus,
1427 2986 1551 3053 quoniam
1569 2987 1683 3053 optimus
1701 2984 1766 3038 odor
1784 2985 1811 3036 in
1830 2998 1940 3052 corpore
1963 2990 2003 3035 est

188 3074 283 3127 nullus.
317 3072 382 3125 lnde
406 3072 467 3124 vino
490 3085 584 3125 carens
607 3069 765 3124 stomachus.
800 3070 865 3123 lnde
886 3071 914 3121 in
937 3083 1040 3123 omnem
1065 3070 1144 3122 vitam
1169 3069 1294 3122 balneum
1317 3069 1442 3136 lugmm,
1470 3069 1617 3137 decoquere
1640 3086 1735 3138 corpus
1759 3076 1839 3136 atque
1862 3069 2001 3121 exinanire

187 3158 328 3212 sudoribus
354 3157 448 3210 inutile
474 3156 551 3209 simul
578 3155 771 3223 delicatumque
797 3155 951 3209 crediimus:
979 3161 1068 3207 cetera
1094 3154 1214 3222 proiecta
1239 3155 1385 3211 redierunt.
1412 3155 1449 3207 ita
1474 3164 1574 3219 tamen,
1601 3162 1642 3211 ut.
1667 3168 1780 3221 quorum
1809 3153 1999 3207 abstinentiam

190 3243 331 3310 interrupi,
349 3242 456 3296 modum
474 3256 575 3295 servem
594 3248 622 3292 ct
639 3241 745 3307 quidem
762 3240 940 3293 abstinentiae
959 3238 1158 3307 proximiorem,
1177 3240 1266 3293 nescio
1284 3255 1318 3293 an
1336 3239 1534 3294 dilticdiorem.“
1560 3239 1620 3308 (Ep.
1635 3248 1691 3297 108,
1711 3247 1741 3291 13
1754 3241 1823 3305 sqq.)

356 3326 412 3380 Nec
438 3341 501 3378 vero
527 3341 609 3378 unum
635 3325 765 3381 Attalum.
793 3325 840 3378 sed
866 3325 1052 3378 universam
1078 3324 1262 3378 Stoicorum
1287 3325 1453 3392 disciplinam
1480 3324 1625 3377 honorilice
1643 3324 1745 3377 Seneca
1767 3323 1935 3384 memoravit,
1963 3323 2001 3375 ita

188 3411 305 3479 quidem,
323 3419 354 3465 ut
370 3412 440 3464 inter
457 3409 559 3463 Stoicos
577 3416 603 3462 et
621 3417 724 3461 ceteros
741 3408 898 3476 sapientiam
916 3408 1050 3477 professos
1068 3416 1171 3463 tantum
1189 3411 1317 3464 interesse
1335 3409 1446 3474 diceret,
1473 3416 1599 3475 quantmn
1626 3409 1696 3462 inter
1723 3421 1808 3460 mares
1835 3413 1862 3459 et
1888 3407 2000 3461 feminas

187 3495 233 3562 (de
251 3496 400 3550 constantia
417 3509 472 3564 sap.
491 3495 517 3557 l,
536 3504 563 3560 13
590 3494 656 3547 alios
673 3494 757 3556 locos,
783 3493 829 3560 qni
847 3493 898 3546 hnc
916 3493 1056 3561 pertinent,¹
1075 3494 1164 3547 attulit
1176 3494 1265 3548 Zeller
1282 3495 1342 3549 hist.
1360 3495 1455 3563 philos.
1473 3492 1566 3547 Graec.
1585 3493 1634 3548 111.
1656 3503 1676 3545 1.
1695 3493 1734 3546 ed.
1756 3500 1777 3544 1.
1800 3508 1824 3559 p.
1844 3494 1913 3559 618).
1950 3491 2002 3545 Sed

187 3595 347 3648 quamquam
364 3579 466 3633 Stoicos
491 3579 576 3641 multa
600 3594 660 3631 cunr
685 3577 763 3631 lande
790 3584 987 3635 commemorat.
1014 3585 1103 3632 tamen
1133 3579 1305 3633 admiratione
1332 3594 1423 3633 eorum
1452 3580 1518 3633 adeo
1544 3593 1598 3631 non
1623 3585 1785 3643 occaecatur,
1813 3584 1842 3630 ut
1868 3576 2001 3630 minime

188 3665 226 3718 ad
244 3681 339 3718 unum
357 3664 498 3730 aliquem
517 3679 554 3716 ex
573 3679 681 3717 eorum
701 3662 900 3731 proceribus
924 3677 956 3715 se
974 3663 1105 3731 alliget.
1132 3662 1188 3715 sed
1214 3664 1313 3716 etiarn
1341 3664 1404 3717 sihi
1431 3663 1588 3718 censendi
1611 3664 1661 3716 ius
1684 3679 1756 3716 esse
1781 3662 1929 3716 affirmet
1954 3662 2001 3730 (de

188 3750 242 3803 vita
267 3750 347 3804 beata
373 3749 426 3813 lll,
454 3751 490 3816 1).
516 3749 553 3801 sic
580 3754 711 3809 statuens,
740 3748 880 3800 nondum
907 3756 1098 3814 occupatam
1133 3761 1204 3800 esse
1231 3750 1415 3809 veritatem,
1447 3753 1580 3801 multum
1609 3764 1641 3800 ex
1668 3748 1727 3801 illa
1755 3748 1851 3799 etiam
1878 3747 2002 3800 suturis

189 3835 341 3889 relictum
365 3832 575 3902 exsomnes.
596 3836 631 3899 1).
667 3831 749 3898 „Nam
777 3832 799 3885 si
826 3846 962 3900 semper,
988 3833 1085 3899 inquit,
1108 3832 1206 3886 unius
1230 3833 1383 3899 sequitur
1404 3833 1614 3897 sententiam,
1641 3847 1693 3886 non
1712 3832 1738 3885 in
1757 3833 1849 3886 curia
1875 3839 1927 3895 est,
1954 3832 2001 3886 sed

189 3920 216 3972 in
234 3920 411 3974 factiosis“
435 3919 481 3986 (de
499 3918 553 3970 otio
571 3916 624 3982 111,
645 3920 678 3982 1).
714 3918 773 3985 Qua
795 3917 901 3982 quidem
928 3915 1018 3969 iudicii
1044 3917 1166 3970 libertate
1188 3919 1289 3971 Seneca
1310 3920 1347 3970 ita
1369 3920 1462 3982 utitur,
1491 3929 1520 3971 ut
1547 3927 1585 3983 et,
1611 3918 1838 3984 quotienscunque
1856 3918 1905 3986 ipsi
1929 3917 2002 3971 aliud

189 4004 275 4071 placet
301 4012 381 4073 atque
407 4005 471 4065 illis,
498 4016 588 4056 suam
611 4002 768 4056 sententiam
787 4002 874 4055 dicere
897 4016 950 4054 non
968 4010 1102 4065 vereatur,
1126 4009 1164 4059 et.
1188 4016 1360 4069 quaecunque
1378 4004 1411 4055 ab
1430 4004 1489 4057 aliis
1507 4011 1578 4057 recte
1596 4002 1714 4071 praecipi
1731 4002 1784 4056 sihi
1802 4003 1945 4069 persuasit,
1970 4016 2002 4056 ea

190 4089 299 4142 laudare
318 4105 370 4142 non
390 4089 506 4153 dubitet,
525 4105 548 4140 v.
565 4087 655 4140 Zeller
671 4087 688 4139 l.
706 4088 722 4139 l.

358 4175 403 4238 10)
421 4173 494 4226 llaec
506 4173 608 4226 Seneca
624 4172 770 4239 sapientem
787 4171 888 4224 inducit
905 4170 1035 4223 dicentem
1053 4169 1085 4222 de
1105 4171 1159 4223 vita
1177 4172 1254 4225 beata
1268 4180 1308 4235 to,
1323 4179 1344 4224 6.
1379 4171 1482 4224 Similia
1499 4180 1571 4235 sunt,
1590 4186 1658 4239 quae
1676 4171 1801 4239 leguntur
1819 4171 1851 4225 de
1871 4171 2000 4224 brevitate

190 4258 258 4311 vitae
275 4265 317 4320 16,
334 4266 363 4310 5:
390 4257 470 4322 „lnde
488 4257 567 4310 etiam
584 4263 722 4324 poetarum
740 4258 814 4309 furor
831 4256 928 4308 sabulis
946 4254 1076 4307 humanos
1093 4269 1198 4308 errores
1216 4256 1342 4309 alentium
1359 4285 1393 4295 -
1412 4277 1458 4308 -ι
1477 4255 1542 4322 quid
1559 4254 1632 4308 aliud
1650 4263 1691 4308 est
1708 4256 1771 4309 vitia
1795 4263 1886 4310 nostra
1911 4256 1999 4309 incen-

195 4340 258 4395 dere
276 4356 356 4409 quam
374 4349 496 4396 auctores
513 4342 566 4395 illis
582 4341 727 4395 inscribere
744 4340 809 4393 deos
827 4346 854 4392 et
871 4338 936 4392 dare
953 4339 1046 4391 morbo
1063 4339 1184 4407 exemplo
1202 4340 1346 4394 divinitatis
1364 4348 1516 4395 excusatam
1532 4341 1687 4396 licentiom“.

365 4428 410 4493 11)
427 4424 501 4478 ldem
518 4425 604 4493 poetis
622 4439 639 4477 a
656 4426 817 4478 Graecorum
835 4421 1000 4491 philosophis
1017 4421 1175 4490 exprobrari
1193 4423 1325 4478 videmus:
1348 4439 1400 4490 quo
1417 4424 1445 4477 in
1463 4441 1573 4479 numero
1591 4433 1632 4480 est
1649 4423 1841 4494 Xenophanes,
1859 4424 1935 4478 cuins
1954 4424 2003 4478 hos

191 4523 283 4562 tersus
301 4508 398 4562 Sextus
414 4509 554 4577 (adversus
573 4509 774 4564 Mathematicos
792 4508 817 4573 l,
837 4511 899 4576 19³)
916 4507 1043 4561 servavit:

681 4593 773 4648 noim
791 4599 867 4654 θεοῖς
884 4591 1026 4658 ἀνέθηκαν
1037 4589 1155 4665 Ὅμηρός
1172 4589 1193 4645 r'
1210 4589 1337 4653 Ἡσίοδός
1355 4612 1391 4651 re.

684 4678 753 4735 ὅσσα
772 4683 829 4746 παῤ
847 4676 1039 4749 ἀνθρώποισιν
1056 4677 1163 4733 duetdeo
1183 4682 1228 4731 ard
1250 4676 1337 4750 piper
1353 4680 1436 4737 torta.

681 4768 707 4819 οἳ
725 4763 826 4819 πλεῖστ’
846 4765 1021 4834 ἐφθέγξαντο
1043 4766 1119 4817 θεῶν
1140 4761 1288 4834 ἀθεμίστια
1306 4765 1384 4834 ἔργα,

683 4854 820 4914 κλέπτειν,
842 4845 982 4920 μοιχεύειν
999 4867 1027 4902 τε
1046 4853 1092 4902 καλ
1109 4846 1241 4916 ἀλλήλους
1258 4845 1412 4903 decredere.

190 4933 231 4986 ci.
249 4932 338 4987 Zeller
355 4932 376 4986 1.
395 4949 420 5000 p.
436 4942 493 4988 lot.
529 4934 561 4988 ln
578 4936 689 4990 eandem
707 4934 864 4989 sententiam
882 4932 963 4986 locuti
986 4941 1047 4987 sunt
1065 4933 1270 5003 Pythagoras
1291 4933 1394 5000 (Zeller
1410 4933 1431 4986 1.
1450 4936 1521 5000 ³96),
1544 4931 1735 4985 Heraclitus
1756 4931 1798 4999 (Z.
1816 4930 1837 4983 1.
1855 4939 1913 4994 530,
1932 4933 2003 4998 oet).

191 5019 286 5073 Plato
303 5019 347 5089 (Z.
359 5019 393 5072 ll.
411 5035 436 5088 p.
450 5026 510 5081 788,
529 5019 588 5072 adn.
607 5022 643 5088 t).
678 5019 832 5073 Rectissime
849 5017 931 5086 igitur
948 5017 1084 5072 Auberleu
1100 5018 1117 5072 l.
1130 5018 1146 5072 l.
1158 5018 1178 5070 l.
1196 5034 1222 5086 p.
1234 5027 1275 5082 91,
1291 5019 1409 5086 scripsit:
1436 5015 1518 5085 ,Dem
1538 5015 1620 5072 Plato
1637 5016 1702 5070 aad
1711 5017 1746 5086 jo
1763 5014 1808 5069 die
1824 5012 2003 5084 eipeatlicbea
