4380 5602
1085 406 1105 466 c

1008 488 1177 497 -——-——

188 604 267 668 iaci
276 612 300 668 t.
336 605 377 668 Et
391 605 419 669 si
435 605 507 688 quis
520 623 635 686 specus
648 605 736 672 saxis
750 605 879 687 penitus
893 604 1001 670 exesis
1015 610 1157 669 montem
1172 603 1388 687 suspenderit,
1402 624 1467 669 non
1480 624 1578 670 manu
1592 606 1710 687 tactus,
1728 604 1786 670 sed
1799 602 2002 668 naturalibus

188 714 296 779 causis
315 715 349 779 in
364 721 488 778 tantam
502 714 670 780 laxitatem
688 720 878 797 excavatus,
892 714 1061 779 animum
1080 720 1186 778 tuum
1204 714 1370 796 quadam
1388 713 1600 795 religionis
1619 715 1847 797 suspicione
1864 732 2001 797 percu·

188 823 292 889 tiett‘
309 821 361 902 ⁹²)
384 823 464 889 (lum
483 823 533 906 iis,
551 842 634 904 quae
652 823 746 888 modo
761 823 866 906 attuli,
884 823 1051 907 aptissime
1069 842 1109 888 ea
1122 822 1222 888 verba
1236 822 1372 888 conferri
1387 830 1472 906 puto,
1487 842 1570 905 quae
1584 822 1840 906 Xenophonteus
1853 822 2002 888 Socrates

188 932 341 1017 tacit²³):
366 925 407 994 ‘0
424 928 480 996 τόν
498 926 577 995 titos
594 925 718 1012 κόσμον
736 925 922 996 συντάττων
937 954 973 995 τε
990 928 1047 995 καὶ
1064 929 1214 1012 συνέχων,
1235 927 1270 996 ἐν
1288 918 1315 1015 ᾧ
1334 925 1443 994 πάντα
1462 928 1547 995 καλὰ
1565 929 1621 995 καί
1640 924 1755 1016 ἀγαθά
1773 927 1854 1005 ἐστι,
1874 928 1931 994 καὶ
1949 922 2003 994 ἀεὶ

186 1039 247 1121 μὲν
263 1040 445 1126 χρωμένοις
463 1036 583 1128 ἀτριβῆ
596 1064 632 1106 τε
650 1038 707 1105 καὶ
725 1033 800 1125 ὑγιᾶ
813 1038 869 1105 καὶ
887 1033 1038 1127 ἀγήρατα
1057 1039 1220 1125 παρέχων,
1240 1041 1367 1104 θάττον
1385 1039 1422 1105 δὲ
1441 1036 1604 1126 νοήματος
1623 1034 1862 1128 ἀναμαρτήτως
1876 1033 2002 1128 duppe·

188 1155 323 1229 τοῦντα,
350 1143 446 1231 οὗτος
464 1153 505 1218 τὰ
521 1153 661 1239 μέγιστα
683 1150 743 1234 μὲν
767 1145 921 1236 πράττων
940 1145 1074 1234 ὁρᾶται,
1099 1146 1179 1217 τάδε
1201 1150 1239 1217 δὲ
1263 1146 1445 1231 οἰκονομῶν
1468 1144 1624 1236 ἀόριστος
1648 1144 1725 1236 ἡμῖν
1748 1149 1846 1217 ἐστιν.
1881 1144 2002 1216 Ἐννόει

187 1256 227 1335 δ’,
248 1259 299 1329 ότι
317 1264 374 1330 καὶ
391 1257 409 1330 ό
428 1268 512 1329 πᾶσι
531 1259 675 1347 φανερός
694 1263 801 1326 δοκῶν
819 1251 904 1325 εἶναι
923 1257 1016 1347 ήλιος
1034 1254 1092 1325 οὐκ
1111 1259 1286 1346 ἐπιτρέπει
1304 1264 1375 1338 τοῖς
1393 1254 1590 1346 ἀνθρώποις
1609 1255 1726 1327 ἑαυτὸν
1745 1255 1889 1350 ἀκριβῶς
1908 1254 2000 1350 ὁρᾶν,

187 1360 270 1449 ἀλλ’,
290 1369 349 1440 ἐάν
365 1399 415 1452 τις
434 1369 535 1439 αότόν
552 1367 696 1450 ἀναιδῶς
714 1370 844 1457 ἐγχειρῇ
864 1375 1031 1444 θεᾶσθαι,
1059 1367 1118 1457 τήν
1146 1362 1228 1456 όψιν
1254 1363 1459 1459 ἀφαιρεῖται.
1498 1370 1566 1437 Καὶ
1582 1369 1659 1449 τοὺς
1681 1366 1850 1458 ὑπηρέτας
1874 1372 1912 1439 δὲ
1937 1376 2002 1437 τῶν

187 1488 276 1549 θεῶν
294 1478 444 1572 εὑρήσεις
462 1479 603 1572 ἀφανεῖς
622 1475 729 1560 όντας·
748 1480 905 1569 κεραυνός
929 1504 963 1546 τε
986 1478 1048 1567 γὰρ
1073 1478 1207 1564 ὅτιμὲν
1230 1473 1362 1548 ἀνωθεν
1389 1475 1541 1569 ἀφίεται,
1573 1481 1684 1568 δῆλον,
1713 1482 1769 1547 καὶ
1796 1479 1862 1558 ότι,
1892 1474 1943 1561 οἷς
1961 1475 2002 1548 ἀν

186 1589 310 1681 ἕντόχή,
331 1591 464 1660 πάντων
481 1599 605 1680 κρατεῖ,
634 1589 754 1679 όράται
773 1586 802 1657 d’
820 1583 887 1656 οὔτ’
907 1588 1012 1657 ἐπιών
1030 1584 1105 1659 οότε
1130 1588 1349 1678 κατασκήψας
1375 1585 1450 1658 οότε
1474 1586 1596 1658 ἀπιών·
1620 1592 1676 1657 καὶ
1694 1585 1812 1675 ἀνεμοι
1829 1588 1925 1659 αὐτοὶ
1942 1593 2003 1676 μὲν

188 1699 247 1785 οὐχ
265 1698 418 1793 ὁρῶνται,
440 1696 517 1771 dds*
535 1709 685 1777 ποιοῦσι,
711 1700 840 1790 φανερά
871 1695 948 1787 ήμῖν
972 1700 1052 1776 ἐστι,
1081 1701 1136 1767 καὶ
1163 1699 1368 1789 προςιόντων
1394 1697 1504 1769 αὐτῶν
1531 1698 1777 1786 αἰσθανόμεθα.
1815 1698 1916 1769 Ἀλλά
1938 1701 2002 1791 μήν

187 1815 242 1881 καὶ
262 1810 448 1902 ἀνθρώπου
467 1840 503 1903 γε
523 1810 622 1900 ψυχή,
651 1810 680 1898 ή,
707 1809 802 1899 εἴπερ
826 1836 859 1876 τι
881 1810 937 1877 καὶ
960 1804 1042 1878 ἀλλο
1061 1815 1126 1877 τῶν
1144 1807 1377 1898 ἀνθρωπίνων,
1401 1818 1459 1878 τοῦ
1476 1811 1575 1879 θείου
1593 1813 1736 1895 μετέχει,
1759 1810 1810 1879 ὅτι
1827 1814 1887 1897 μὲν
1904 1819 2002 1897 βασι-

187 1922 277 1992 λεύει
295 1924 329 1991 ἐν
348 1920 433 2013 ἡμῖν,
464 1922 618 2014 φανερόν,
649 1918 769 2009 ὁρᾶται
796 1920 833 1987 δὲ
860 1915 932 1987 οὐδ’
960 1917 1054 2009 αὐτή.
1083 1913 1126 1985 ‘21
1147 1921 1220 2008 χρή
1249 1927 1523 1988 κατανοοῦντα
1548 1926 1600 2009 μὴ
1627 1929 1901 2011 καταφρονεῖν
1927 1927 2003 1988 τῶν

188 2029 388 2124 ἀοράτων,
421 2030 508 2102 ἀλλ’
538 2034 579 2101 ἐκ
610 2038 684 2099 τῶν
710 2032 953 2120 γιγνομένων
979 2032 1047 2119 τήν
1074 2028 1243 2114 δύναμιν
1272 2026 1399 2098 αὐτῶν
1426 2032 1788 2115 καταμανθάνοντα
1813 2038 1933 2116 τιμάν
1959 2033 2002 2099 τὸ

188 2141 480 2230 δαιμόνιονᾞ)

351 2266 408 2329 Est
423 2272 530 2329 eutem
546 2264 627 2328 deus
641 2263 695 2327 ille
709 2269 911 2344 aeternum
926 2280 1001 2325 nam
1015 2280 1087 2325 cum
1100 2261 1209 2325 omnia
1221 2262 1412 2345 interierint,
1425 2265 1495 2346 ipse
1509 2264 1633 2344 integer
1648 2263 1792 2328 manebit
1801 2263 1814 2300 ²
1823 2261 1863 2346 ⁵),
1881 2265 2002 2328 omni-

188 2373 403 2460 potens²⁶),
429 2371 608 2440 omnibus
635 2373 734 2437 locis
760 2369 948 2455 adest⁹⁷)‚
975 2370 1108 2435 omnia
1135 2367 1281 2452 scit28),
1307 2371 1353 2435 ita
1377 2372 1519 2456 quidem,
1546 2379 1597 2455 ut,
1625 2391 1837 2455 quaecunque
1855 2372 2002 2438 homines

188 2487 341 2568 cogitant,
365 2506 474 2551 eorum
491 2483 572 2549 nibil
590 2478 795 2564 ignorem),
821 2489 926 2546 totus
953 2486 1002 2546 est
1029 2476 1212 2562 retio³⁰),
1239 2481 1363 2545 omnis
1389 2484 1536 2547 erroris
1563 2478 1785 2565 expers³¹),
1813 2481 2002 2547 absoluta

188 2597 338 2661 virtute
374 2587 663 2679 praeditrrs³²),
696 2585 1052 2672 sanctissimns³³)‚
1083 2590 1194 2654 nulla
1227 2610 1266 2654 re
1293 2589 1459 2674 eget⁸⁴),
1489 2592 1556 2657 sed
1582 2598 1772 2675 perpetua
1800 2592 2001 2656 felicitate

189 2703 412 2787 fruituram)

361 2990 408 3053 rr)
427 2985 598 3055 Sapientia
615 2984 657 3037 dei
675 2985 753 3037 ctiam
772 2983 830 3037 aliis
848 2983 912 3037 loeis
930 2980 1066 3046 laudatur3
1085 2981 1117 3033 ct'.
1136 2981 1168 3032 dc
1186 2996 1258 3047 prov.
1276 2981 1296 3033 l.
1315 2982 1348 3034 de
1366 2982 1453 3036 benet.
1472 2982 1519 3043 1v,
1536 2992 1576 3036 ⁴23.

359 3073 403 3139 Ι33)
422 3069 568 3123 Memorcb.
586 3068 631 3126 lV.
650 3078 673 3132 3,
694 3078 723 3121 13
737 3085 792 3135 sqq.

362 3158 407 3220 τε)
425 3155 474 3208 llis
492 3153 608 3208 Socratis
626 3152 715 3206 verbis
733 3153 759 3205 in
778 3159 891 3205 mentem
909 3150 988 3204 nobis
1011 3157 1179 3213 revocantur,
1202 3163 1270 3216 quae
1288 3150 1387 3204 Paulus
1406 3152 1542 3219 apostolus
1560 3152 1586 3204 iu
1605 3152 1717 3219 epistola
1735 3153 1769 3206 sd
1787 3153 1922 3206 Romanos
1940 3151 2003 3204 dato

188 3240 226 3306 (l.
246 3244 292 3306 lb)
310 3240 427 3307 scripsit:
459 3238 500 3291 Τά
524 3238 578 3309 γάρ
596 3234 702 3308 ἀόρατα
720 3236 805 3290 αὐτοῦ
823 3235 879 3289 ἀπὸ
898 3240 1009 3295 κτίσεως
1027 3230 1133 3304 κόσμου
1151 3240 1208 3294 τοῖς
1225 3232 1358 3304 ποιήμασι
1383 3233 1522 3306 νοοάμσνα
1544 3238 1707 3308 καθορᾶται,
1728 3235 1743 3303 ή
1763 3257 1789 3291 τε
1809 3236 1897 3295 «idme
1916 3235 2002 3290 αὐτοῦ

190 3321 308 3396 ἀόναμις
325 3328 369 3377 καὶ
389 3320 502 3390 θειότης.

359 3414 404 3469 35)
423 3408 473 3475 bip.
492 3417 515 3467 9,
536 3417 574 3459 16.

361 3497 406 3557 36)
425 3492 482 3546 lloc
499 3493 600 3560 colligit
619 3493 750 3546 llolzberr
771 3492 845 3561 (diss.
864 3490 882 3546 l.
901 3507 927 3558 p.
944 3493 1005 3555 101)
1027 3505 1061 3541 ex
1079 3488 1121 3542 bis
1139 3489 1254 3543 Senecae
1276 3490 1363 3544 verbis
1380 3496 1433 3558 (ep.
1453 3499 1492 3546 31.
1514 3495 1557 3558 10)
1584 3492 1675 3557 „Deus
1693 3492 1738 3546 ille
1755 3492 1885 3545 maximus
1908 3500 2000 3559 poten-

193 3579 362 3645 tissimusque
385 3578 441 3644 ipse
465 3577 536 3630 vehit
558 3578 667 3631 omnint
697 3578 872 3645 Quamquam,
896 3575 923 3627 id
945 3575 1016 3641 quod
1034 3589 1099 3642 pace
1124 3575 1235 3628 dixerim
1253 3576 1302 3628 viri
1320 3575 1475 3633 doctissimi.
1498 3576 1561 3629 mihi
1584 3577 1689 3643 quidem
1711 3591 1763 3630 non
1787 3576 1891 3629 videtur
1909 3591 1942 3628 ex
1960 3576 2002 3629 his

192 3663 280 3716 verbis
299 3676 440 3731 apparere.
458 3669 583 3714 tentam
601 3663 632 3714 in
651 3662 708 3714 (loo
727 3676 798 3714 esse
817 3660 1009 3727 potentiam,
1027 3667 1062 3713 nt
1079 3659 1160 3713 nihil
1180 3661 1208 3712 ei
1224 3660 1330 3728 possit
1347 3662 1516 3714 resistere.

362 3749 408 3811 2¹7)
426 3745 473 3813 Ep.
492 3755 532 3807 93,
551 3756 597 3798 47:
620 3746 739 3813 „Ubique
757 3753 863 3813 praesto
880 3751 943 3798 est!

360 3834 405 3891 aa)
424 3830 483 3884 Nat.
501 3838 601 3898 quaest.
620 3831 659 3894 Il,
679 3839 724 3883 36:
753 3830 820 3897 „Dei
838 3829 968 3883 divinitati
986 3843 1063 3882 omne
1081 3845 1206 3896 praesens
1224 3837 1293 3888 ost··;
1312 3830 1344 3882 ct.
1362 3830 1395 3883 de
1414 3830 1497 3883 benet.
1517 3831 1550 3889 V.
1570 3840 1610 3893 25,
1630 3841 1651 3883 t.
1669 3837 1696 3882 et
1714 3829 1758 3889 lv,
1778 3838 1822 3887 33,
1843 3839 1864 3881 1.

363 3920 408 3979 33)
427 3915 475 3983 Ep.
488 3924 527 3979 83,
545 3926 571 3968 1:
601 3916 657 3982 „Sic
676 3924 747 3967 certe
764 3914 903 3967 vivendum
921 3924 972 3970 ost.
991 3923 1116 3982 tanquam
1134 3915 1160 3967 in
1178 3922 1321 3981 conspectu
1339 3915 1463 3969 vivamus.
1501 3915 1544 3969 Sic
1562 3914 1743 3983 cogitandum.
1762 3920 1887 3980 tanquam
1906 3915 2001 3982 aliquis

192 4001 218 4053 in
238 4008 329 4067 pectus
347 4001 466 4053 intimum
485 4000 614 4068 inspicere
637 3999 734 4066 possit:
757 4008 784 4051 et
805 4006 900 4067 potest.
936 3999 1005 4065 Quid
1027 3999 1096 4051 enirn
1121 3999 1229 4066 prodest
1251 3999 1286 4053 ab
1311 4000 1417 4052 homino
1440 4000 1539 4067 aliquid
1562 4015 1620 4053 esse
1643 4000 1795 4053 secretum?
1831 3999 1923 4052 Nihil
1943 4000 2001 4053 deo

190 4086 316 4139 clusum
335 4094 395 4137 est.
432 4086 575 4138 Interest
592 4085 709 4137 animis
727 4083 850 4136 uostris
869 4091 895 4135 et
912 4081 1176 4148 cogitationibus
1195 4084 1309 4137 mediis
1328 4084 1544 4139 intercurrit.“
1566 4117 1596 4124 -
1616 4084 1675 4137 lluc
1692 4083 1808 4151 pertinet
1825 4084 2002 4151 fragmentum

192 4169 270 4226 illud.
293 4169 364 4235 quod
387 4183 420 4220 ex
439 4169 555 4222 Senecae
580 4168 808 4221 exhortationibus
831 4167 985 4221 Lactantius
1007 4167 1100 4233 (instit.
1118 4167 1163 4221 vl.
1182 4172 1227 4229 24)
1245 4169 1370 4221 servavit:
1400 4169 1545 4236 „llagnum
1562 4169 1651 4222 neseio
1669 4168 1732 4235 quid
1750 4168 1900 4234 maiusque.
1923 4185 2002 4234 quam

190 4254 300 4321 cogitari
318 4262 417 4321 potest,
445 4268 541 4306 numen
559 4263 611 4309 cst.
638 4253 681 4306 cui
708 4252 820 4305 virendo
846 4267 955 4319 operam
979 4252 1078 4306 damus.
1113 4252 1183 4306 lluic
1206 4268 1254 4305 nos
1272 4253 1464 4321 adprobemus!
1493 4255 1560 4307 Nom
1582 4251 1647 4306 nihil
1670 4254 1777 4320 prodest
1795 4252 1922 4306 inclusam
1943 4268 2002 4308 esse

191 4340 389 4393 conscientiam:
408 4347 529 4407 patemus
547 4338 619 4391 deo.··

363 4425 408 4485 3ο)
427 4422 486 4476 Nat„
504 4431 598 4489 quaest
615 4423 635 4474 l.
653 4423 719 4489 prol.
739 4432 776 4474 ll.

360 4511 405 4569 ert
423 4507 464 4561 lb.
483 4507 546 4571 vll,
566 4516 610 4565 νε,
629 4517 651 4560 ιι.

359 4598 405 4657 32)
424 4593 472 4660 Ep.
491 4602 534 4656 ce,
554 4601 593 4645 rt.

362 4682 408 4744 33)
428 4677 475 4745 Ep.
494 4687 533 4732 33.
553 4688 599 4731 ιιι
627 4677 764 4743 „Animus
784 4676 834 4729 nisi
853 4692 936 4744 purus
955 4692 985 4729 ac
1004 4686 1110 4729 sanctus
1128 4685 1179 4734 est.
1199 4677 1277 4729 deum
1296 4692 1348 4729 uon
1367 4677 1459 4745 τειραν*

360 4768 406 4827 34)
424 4762 465 4815 Dc
484 4763 570 4815 bonel.
588 4761 628 4818 11.
648 4770 688 4817 3ο.
707 4769 730 4813 ν.
748 4792 780 4799 -
800 4759 865 4812 lbid.
883 4759 930 4818 lV,
949 4770 972 4825 3,
991 4770 1019 4813 2:
1040 4762 1086 4826 „ln
1104 4762 1192 4814 onmia
1208 4761 1260 4814 illis
1278 4762 1345 4827 (dis)
1363 4770 1458 4815 notura
1476 4777 1523 4815 sna
1541 4761 1638 4815 suflicit
1655 4761 1847 4828 plenosque-
1862 4768 2001 4829 praestat‘·

194 4880 225 4888 -
246 4848 313 4901 lbid.
333 4858 355 4903 c.
378 4858 405 4900 1:
430 4848 505 4905 ..Nec
524 4848 567 4900 ille
590 4847 685 4900 colluto
709 4852 769 4912 eget
787 4861 835 4897 nuc
854 4860 902 4897 nos
921 4844 945 4898 ei
963 4845 1103 4911 quicquam
1126 4846 1245 4900 conferre
1269 4852 1430 4913 possumus“.
1467 4845 1685 4900 lrrviolabiles
1710 4859 1815 4911 quoqne
1840 4853 1866 4897 et
1890 4847 1955 4898 tuti
1975 4847 2001 4899 di

191 4932 315 4987 dicuntur
331 4932 409 5000 (ibid.
428 4942 450 4995 3,
470 4938 504 4999 2).
523 4942 552 4985 ut
570 4948 646 4986 nemo
664 4933 697 4986 iis
715 4946 810 4984 nocere
830 4932 912 4998 possit
929 4930 1005 4994 (ibid.
1024 4929 1087 4993 v11,
1107 4939 1128 4985 7.
1148 4934 1183 4995 3).

363 5020 408 5082 33)
425 5016 475 5086 Ep.
494 5026 534 5075 33,
556 5029 600 5071 lc:
629 5016 712 5078 „lllml
732 5016 869 5082 gaudium,
887 5014 958 5081 quod
976 5014 1040 5068 deos
1058 5015 1188 5081 seqnitur,
1206 5030 1259 5068 nou
1277 5015 1488 5082 interrumpitur,
1506 5031 1559 5068 nou
1578 5016 1696 5069 desinit„u
