4380 5602
1012 473 1179 564 A--

355 677 469 740 Restat
495 674 562 740 alia
588 694 649 758 res,
677 695 761 758 quac
788 676 876 740 nullo
904 681 998 757 pacto
1026 694 1098 739 curn
1117 674 1260 740 Senecae
1287 676 1328 740 de
1355 676 1561 758 providentia
1587 676 1640 741 dei
1667 675 1829 741 sententia
1848 675 2003 755 congruit.

188 785 251 864 Qui
269 785 355 850 enim
373 784 421 849 sic
438 786 563 867 statuit,
586 784 620 849 id
638 786 723 867 quod
741 805 815 850 eum
838 804 1028 866 persuasum
1054 782 1173 848 habere
1191 783 1344 866 vidimus,
1372 786 1473 877 deum¹
1495 806 1552 867 pro
1581 785 1743 867 sapientia
1766 804 1825 849 sna
1853 791 1949 865 atque
1967 784 2003 847 in

189 894 335 960 homines
358 913 468 959 amore
491 894 647 960 mnndum
671 913 796 976 regere,
825 895 853 958 is
879 892 976 958 debet
993 892 1138 975 credere,
1164 892 1314 975 quicquid
1333 895 1394 960 sibi
1420 896 1498 959 mali
1512 893 1679 974 acciderit,
1707 894 1805 958 saluti
1835 891 1896 957 sibi
1925 893 2003 973 fore,

189 1011 297 1086 utpote
315 1022 336 1066 a
358 1002 418 1070 deo
437 1004 579 1069 missum.
623 1004 736 1087 Itaque
754 1006 843 1069 nullo
861 1009 954 1085 pacto
974 1003 1076 1067 vitam
1094 1001 1275 1085 abrumpet,
1303 1004 1361 1069 sed
1380 1003 1593 1088 exspectabit,
1620 1002 1696 1068 dum
1715 1023 1735 1066 a
1754 1002 1893 1067 statione
1911 1021 2001 1066 revo—

188 1119 285 1177 cetur.
329 1115 372 1176 At
396 1110 521 1177 Seneca
543 1114 678 1177 multis
704 1114 783 1178 locis
811 1113 905 1178 docet
931 1110 1112 1177 hominibus
1138 1119 1274 1194 sponte
1299 1114 1368 1177 vita
1394 1112 1552 1179 decedere
1573 1113 1679 1178 licere.
1723 1112 1831 1177 Veluti
1849 1111 1891 1175 dc
1912 1131 2002 1193 pror.

189 1225 266 1303 til:
290 1221 394 1301 ,Ante
412 1221 521 1285 omnia
541 1223 612 1287 cavi
624 1220 706 1304 ¹⁴⁴),
724 1244 765 1288 ne
780 1224 851 1307 quis
869 1243 927 1288 ros
945 1228 1069 1286 teneret
1087 1220 1213 1285 invitos.
1245 1222 1340 1286 Patet
1358 1223 1471 1287 exitus.
1502 1220 1536 1286 Si
1555 1239 1699 1304 pugnare
1717 1240 1781 1287 non
1799 1221 1907 1301 vultis,
1925 1221 2001 1283 licet

189 1331 310 1413 fugero.
354 1329 432 1396 Ideo
456 1350 496 1395 ex
514 1329 661 1396 omnibus
679 1331 788 1414 rebus,
815 1353 895 1414 quas
914 1350 986 1397 esse
1008 1329 1099 1395 vobis
1116 1331 1320 1396 necessarias
1338 1332 1438 1412 volui,
1461 1331 1543 1396 nihil
1565 1331 1626 1396 feci
1649 1330 1779 1396 facilius
1796 1350 1893 1412 quarn
1913 1328 2002 1392 mori.

189 1438 365 1504 Adtendite
379 1438 483 1522 modo,
502 1446 534 1503 et
551 1438 713 1523 videbitis,
731 1463 827 1525 quam
840 1441 949 1506 brevis
962 1440 1004 1504 ad
1020 1438 1203 1504 libertatem
1221 1447 1253 1503 ct
1271 1459 1367 1522 quam
1386 1441 1537 1524 expedita
1555 1441 1653 1505 ducat
1670 1441 1733 1504 via.
1747 1475 1790 1486 -
1803 1439 1905 1506 Omne
1924 1445 2003 1502 tern-

190 1568 265 1631 pus,
288 1548 394 1613 omnis
411 1567 469 1614 vos
487 1549 576 1615 locus
589 1549 720 1634 doceat,
745 1571 841 1634 quam
860 1551 956 1617 facile
978 1549 1021 1614 sit
1047 1549 1234 1615 renuntiare
1252 1556 1388 1615 naturae
1411 1558 1443 1615 et
1465 1570 1583 1614 munus
1609 1551 1657 1614 illi
1682 1570 1775 1615 suum
1794 1548 2002 1631 impingere“.

190 1656 391 1740 Quamquam
404 1657 556 1742 Senecae,
574 1679 615 1724 ne
633 1660 704 1742 quis
722 1661 866 1743 iniquius
884 1660 925 1726 de
939 1680 977 1726 eo
996 1659 1150 1724 iudicium
1168 1656 1355 1742 laciat145),
1373 1660 1551 1726 effeminati
1569 1658 1670 1725 animi
1688 1678 1760 1724 esse
1777 1657 1905 1723 videtur
1923 1676 2001 1738 pau·

189 1774 356 1849 pertatem,
374 1767 502 1833 dolores
519 1769 668 1851 aliasque
686 1770 888 1834 (calamitates
906 1776 1008 1835 morte
1025 1769 1210 1834 voluntaria
1227 1769 1377 1852 effugere.
1412 1770 1520 1852 Negat
1535 1771 1621 1836 enim
1635 1788 1706 1834 esse
1720 1766 1922 1833 moriendum
1938 1765 2002 1830 nisi

189 1875 337 1955 graviore
365 1895 464 1942 causa
490 1877 694 1960 impellente:
721 1898 817 1960 quam
841 1878 999 1944 moriondi
1018 1878 1244 1944 necessitatem
1263 1879 1402 1962 sapienti
1428 1880 1475 1944 ita
1501 1881 1630 1945 demum
1657 1879 1784 1959 adesse,
1811 1877 1839 1941 si
1865 1882 2003 1940 naturae

190 1985 417 2052 convenienter
436 1986 547 2051 vivere
561 1985 793 2070 prohibeatur.¹
804 1984 855 2068 46)
881 1988 972 2067 ,Non
986 1987 1179 2071 relinquam,
1198 1988 1309 2070 inquit,
1328 1995 1534 2070 senectutem,
1552 1989 1580 2053 si
1599 1994 1789 2052 metatum
1808 1984 1887 2050 mihi
1901 2002 2002 2048 reser-

191 2091 295 2158 vabit:
324 2101 425 2159 totum
443 2103 552 2161 autem
570 2096 612 2161 ab
630 2097 688 2162 illa
705 2105 797 2180 parte
814 2097 956 2162 meliore.
1000 2098 1044 2161 At
1071 2098 1098 2161 ai
1126 2098 1266 2182 coeperit
1288 2105 1457 2163 concutere
1484 2107 1632 2179 mentem,
1660 2097 1688 2161 si
1715 2101 1825 2178 partes
1843 2095 1913 2159 eins
1931 2111 2003 2157 con·

191 2202 321 2286 vellere,
340 2205 367 2269 si
386 2205 465 2270 mihi
483 2225 547 2271 non
570 2206 696 2271 vitam
722 2207 945 2290 reliquerit,
971 2205 1030 2272 sed
1057 2207 1236 2289 animam,
1264 2207 1430 2290 prosiliam
1454 2228 1494 2272 ex
1519 2206 1666 2272 aedificio
1685 2204 1814 2288 putrido
1832 2224 1871 2268 ac
1889 2201 2004 2266 ruenti.

190 2309 361 2376 Morbum
379 2323 481 2380 morte
499 2336 563 2380 non
581 2316 718 2397 tugiam,
738 2316 906 2381 dumtaxat
924 2314 1104 2381 sanabilem
1126 2336 1197 2382 nec
1220 2316 1466 2382 officientem
1489 2317 1624 2381 animo.
1667 2316 1741 2381 Non
1759 2313 1905 2378 adieram
1924 2308 2002 2374 milri

190 2438 305 2487 manus
322 2431 453 2506 propter
475 2425 667 2491 dolorem:
696 2427 743 2491 sic
768 2425 849 2491 mori
867 2425 953 2490 vinci
981 2431 1039 2489 cst
1090 2426 1184 2491 Hunc
1209 2432 1317 2491 tamen
1344 2425 1371 2489 si
1399 2425 1501 2491 sciero
1525 2431 1680 2509 perpetuo
1707 2443 1779 2489 ease
1805 2420 2004 2506 patiendum,

190 2529 294 2612 exibo,
311 2554 385 2598 non
404 2540 566 2617 propter
583 2535 726 2618 ipsum,
751 2535 809 2599 sed
828 2536 904 2616 quia
932 2534 1212 2618 impedimento
1239 2535 1332 2599 mihi
1359 2535 1516 2599 futurus
1534 2541 1595 2599 est
1617 2534 1666 2598 ad
1694 2551 1818 2615 omne,
1843 2536 2004 2614 propter

190 2638 292 2720 quod
311 2642 470 2708 vivitur.
513 2642 743 2710 Imbecillus
765 2651 864 2709 estet
889 2643 1077 2727 ignavus,
1095 2645 1149 2727 qui
1167 2652 1298 2728 propter
1313 2645 1457 2710 dolorem
1475 2645 1620 2728 moritur,
1648 2645 1779 2723 stultus,
1805 2641 1861 2724 qui
1882 2638 2005 2703 doloris

190 2766 289 2813 eausa
307 2751 432 2816 vivit.“¹
443 2750 493 2832 Η)
515 2754 585 2819 Hoc
602 2773 678 2818 vero
697 2759 805 2818 aetate
819 2753 873 2833 qui
892 2757 1026 2817 mortem
1044 2752 1106 2836 ipsi
1122 2751 1182 2817 sibi
1198 2754 1412 2835 consciscunt,
1431 2774 1564 2836 quorum
1577 2774 1744 2819 numerum
1760 2754 1793 2817 in
1807 2750 1878 2815 dies
1891 2746 2004 2828 augeri

190 2859 328 2924 maxime
346 2859 520 2926 dolendum
538 2869 587 2928 cst
601 2860 682 2945 l⁴⁸),
700 2882 809 2928 corum
829 2861 916 2926 hand
928 2862 1024 2945 pauci
1046 2861 1188 2940 ,frivolis
1206 2863 1247 2928 de
1265 2862 1400 2944 causis,“
1422 2870 1457 2926 ut
1475 2871 1548 2927 utar
1561 2861 1705 2928 Senecae
1723 2860 1832 2927 verbis
1843 2857 1853 2892 ¹
1864 2854 1925 2940 ⁴⁹),
1944 2856 2004 2921 lroo

190 2973 254 3050 est,
280 2976 450 3051 postquam
476 2971 577 3036 vitam
602 2970 810 3037 libidinosam
834 2972 1006 3054 degerunt,
1033 2970 1119 3037 bona
1146 2977 1425 3055 consumpserunt,
1450 2970 1601 3037 inanibus
1623 2970 1722 3037 rebus
1744 2976 1871 3052 tempus
1889 2965 2003 3031 contri-

191 3086 320 3161 verunt,
346 3079 390 3144 ad
408 3088 584 3147 extremum
608 3081 690 3146 illud
709 3088 740 3146 et
764 3081 985 3147 foedissimum
1004 3081 1160 3146 auxilinm
1179 3080 1379 3164 confugiunt,
1397 3101 1456 3146 nec
1473 3080 1567 3146 nefas
1594 3081 1627 3145 id
1654 3080 1822 3162 ducentes,
1849 3075 1933 3160 qnod
1951 3074 2003 3140 vel

189 3187 330 3253 maxime
349 3188 474 3271 legibus
492 3190 612 3255 divinia
635 3197 794 3273 repugnat
809 3187 891 3274 ¹⁵⁰),
918 3210 1022 3273 neque
1047 3210 1155 3256 secum
1176 3197 1376 3274 reputantes,
1401 3189 1578 3255 omnibns
1603 3189 1758 3255 omnino
1781 3183 2004 3253 hominibus

189 3297 327 3373 gratiam
341 3298 485 3363 divinam
500 3306 621 3383 patere,
638 3299 733 3365 rnodo
748 3306 951 3382 pcccatorum
965 3320 1042 3365 vere
1055 3319 1111 3365 eos
1123 3299 1298 3382 paeniteat.
1329 3298 1404 3382 Sed,
1417 3307 1453 3364 ut
1467 3299 1510 3364 ad
1524 3300 1686 3382 inceptum
1700 3305 1853 3381 revertar,
1871 3296 2005 3376 Seneca,

191 3424 262 3468 cum
289 3406 430 3473 falsam
459 3410 662 3492 sapientis
688 3410 751 3474 viri
777 3410 940 3475 notionem
963 3416 1069 3474 mente
1094 3409 1289 3492 conceperit,
1311 3407 1378 3473 fieri
1405 3428 1470 3474 non
1496 3414 1601 3490 potest
1619 3408 1696 3490 quin
1720 3407 1762 3472 de
1785 3406 1855 3472 deo
1878 3424 2004 3488 quoquc

189 3513 306 3580 lalsarn
332 3515 450 3582 babeat
476 3519 678 3603 opinionem,
705 3537 799 3602 quem
827 3517 974 3603 pluribus
1000 3520 1080 3584 locis
1107 3517 1199 3583 docet
1224 3537 1245 3581 a
1272 3517 1419 3601 sapiente
1446 3516 1595 3600 aequari,
1621 3517 1697 3598 quin
1724 3516 1823 3582 etiam
1848 3515 2005 3599 superari.

194 3623 336 3708 ,Bonus,
354 3624 544 3711 inquit¹⁵¹),
562 3636 739 3712 tempore
757 3634 922 3695 tantuma
944 3628 1007 3694 deo
1025 3627 1197 3692 diflert.“
1215 3662 1259 3672 -
1279 3627 1357 3706 ,Eat
1374 3626 1507 3709 aliquid,
1535 3645 1596 3708 quo
1615 3625 1776 3709 sapiens
1793 3623 2003 3691 antecedat

190 3731 304 3798 deum:
332 3735 388 3800 ille
406 3735 559 3802 beneficio
577 3743 715 3804 naturae
737 3759 802 3803 non
825 3739 930 3824 timet,
958 3759 1016 3804 sno
1044 3725 1282 3820 sapiens.“¹⁵³)
1321 3734 1437 3815 ,Ferte
1454 3735 1587 3801 fortiter.
1623 3735 1691 3800 Hoc
1715 3740 1778 3818 est,
1807 3733 2002 3817 quodsum

190 3843 461 3911 antecedatis:
480 3848 536 3913 ille
554 3855 645 3912 extra
662 3848 853 3930 patientiam
872 3850 1029 3915 malorum
1047 3854 1105 3930 est,
1122 3866 1181 3910 vos
1199 3865 1297 3929 supra
1314 3842 1614 3929 patientiam.“¹⁵⁸)

363 4006 423 4067 144)
441 4003 528 4057 Deum
545 4005 696 4071 loquentem
714 4004 816 4058 Seneca
831 4004 938 4058 inducit

362 4091 421 4154 145)
439 4088 534 4141 Parum
559 4090 699 4156 perspicue
722 4089 788 4141 haec
815 4088 919 4155 scripsit
944 4088 977 4141 Il.
1002 4087 1146 4141 Schiller
1166 4084 1343 4153 (Gescbicbte
1369 4084 1417 4139 ries
1443 4083 1604 4140 Romiscbert
1630 4083 1820 4138 lt'cr'scrret‘clas
1847 4090 1929 4136 stater
1955 4082 2005 4136 der

191 4166 349 4240 Repiemrcp
370 4170 418 4224 des
440 4171 541 4233 Nero,
567 4170 1187 4241 Rerlin1812,1r.obd):„diffluiturarud
1209 4168 1284 4223 nicht
1305 4169 1403 4227 seiten.
1428 4187 1469 4224 ruo
1491 4171 1535 4224 ein
1554 4168 1642 4224 Maon
1665 4169 1715 4223 mie
1733 4168 1836 4223 Senecae
1859 4168 1887 4221 ia
1905 4166 2004 4220 leiden-

189 4253 352 4324 sclrostlt'cbe
369 4254 479 4309 Frende
496 4257 648 4314 meslrricbt.
675 4274 752 4311 mena
778 4275 809 4310 er
835 4257 888 4311 den
911 4256 1080 4311 Selbstmord
1101 4255 1144 4310 uls
1166 4255 1217 4310 das
1239 4256 1318 4309 letzte
1336 4253 1473 4307 Bollmerls
1494 4253 1541 4308 dea
1563 4253 1732 4308 assumam
1756 4252 1860 4307 Geistm
1883 4251 2005 4306 turberr·

190 4338 281 4392 lictu-¹
321 4339 447 4408 Egregie.
472 4357 524 4408 qua
550 4343 715 4409 potissimum
741 4358 822 4395 eausa
848 4349 965 4396 veterum
992 4342 1107 4410 optimus
1134 4341 1245 4407 quisque
1271 4339 1305 4393 ad
1332 4347 1443 4393 mortem
1467 4339 1642 4393 voluntariam
1669 4339 1799 4407 impulsus
1823 4339 1869 4396 sit.
1895 4338 2005 4404 exponit

192 4421 281 4489 Spiess
299 4423 315 4476 l.
333 4424 349 4477 l.
368 4441 393 4492 p.
410 4425 489 4478 XXX
501 4442 538 4493 sq.

361 4513 422 4576 llo)
440 4510 489 4578 Ep.
507 4519 551 4569 cti.
570 4520 651 4576 eosq.

366 4600 427 4655 141)
444 4593 484 4648 Cf.
501 4594 566 4649 ibid.
585 4599 606 4662 q.
620 4604 667 4648 os:
696 4594 744 4652 ..Si
761 4595 855 4648 inutile
873 4594 1025 4648 ministeriis
1042 4608 1139 4661 corpus
1156 4602 1207 4649 est.
1225 4591 1316 4660 quidni
1335 4600 1457 4661 oporteat
1474 4592 1587 4645 educere
1605 4592 1721 4645 animum
1739 4590 1906 4645 laborantem
1914 4594 1943 4642 q..

363 4682 424 4739 1411)
443 4677 495 4731 Vel
513 4694 546 4731 ex
566 4694 598 4732 ea
615 4695 645 4731 re
663 4679 780 4745 intellegi
798 4680 871 4735 licet.
889 4686 1053 4747 quantopere
1070 4692 1134 4731 nera
1151 4677 1237 4745 pietus
1253 4677 1337 4731 minui
1353 4694 1384 4730 ac
1401 4691 1489 4730 morea
1503 4677 1530 4729 in
1548 4691 1675 4744 praeceps
1693 4676 1749 4730 labi
1766 4675 1908 4743 coeperint

361 4764 422 4825 149)
441 4761 487 4828 Ep.
506 4773 535 4826 4,
553 4774 576 4817 4.

362 4849 423 4907 150)
441 4847 479 4900 cf.
497 4847 572 4900 Pauli
591 4846 624 4899 tal
642 4846 717 4902 Rom.
735 4862 776 4915 ep
796 4856 838 4905 14,
860 4855 887 4898 l:
919 4845 1015 4908 obitu
1032 4849 1121 4914 inrupi
1140 4843 1318 4914 ἀποθνήσκει.

364 4932 424 4994 141)
443 4929 484 4982 lle
502 4945 575 4998 prov.
594 4932 619 4994 l,
637 4938 667 4986 5:
685 4931 717 4984 cl.
735 4946 776 4998 ep.
794 4941 840 4989 53.
859 4942 898 4985 11.

363 5019 424 5079 rsa)
442 5013 493 5082 Ep.
512 5023 556 5071 os.
577 5026 615 5069 11.

364 5102 425 5163 15³)
442 5099 485 5152 De
502 5115 574 5167 prov.
593 5110 620 5162 d,
639 5110 662 5154 c.
