4380 5602
1075 432 1093 491 7

346 631 450 712 Quam
469 639 578 698 tamfflr
596 632 783 698 felicitatem
801 631 933 713 nequis
951 631 1048 698 talem
1066 650 1139 697 esse
1156 635 1256 714 putet,
1273 630 1379 712 qualis
1396 629 1468 694 visa
1486 634 1534 694 est
1553 628 1700 711 Epicuro,
1718 628 1771 712 qui
1790 627 1887 693 deum
1907 625 1988 690 nihii

175 742 325 826 cuiquam
345 741 553 825 tribuentem,
580 743 661 808 nihil
680 740 929 824 gratificantem,
956 740 1086 806 omnino
1113 740 1215 807 nihii
1242 747 1456 822 curantem,
1483 737 1583 804 nihil
1610 745 1793 820 agentem
1820 732 1989 817 finxitess),

176 850 297 935 obstat,
324 850 423 936 quod,
452 859 486 918 ut
507 853 555 917 ait
572 851 710 935 Seneca,
735 850 832 934 deus,
856 869 920 932 qua
946 851 1068 916 animi
1095 849 1274 915 bonitate
1300 849 1460 914 adductus
1477 855 1540 930 est,
1566 856 1602 912 ut
1619 847 1774 913 mundam
1792 841 1989 928 iaceret³⁷),

176 961 291 1028 eadem
317 961 543 1046 adducitur,
569 982 616 1027 ne
641 961 779 1044 generi
805 959 969 1025 humano
996 979 1165 1042 unquam
1192 960 1422 1043 prospicere
1443 957 1617 1024 desinat.
1660 957 1728 1022 Hoc
1749 957 1835 1022 enim
1854 956 1988 1021 interest

175 1072 259 1137 inter
281 1073 378 1138 deum
398 1071 530 1155 Epicuri
553 1079 586 1136 et
603 1070 762 1153 Senecae,
788 1069 874 1153 quod
899 1070 955 1135 ilie
982 1071 1074 1134 nulla
1100 1070 1221 1153 gratia,
1247 1071 1339 1134 nulia
1363 1067 1528 1133 hominum
1547 1068 1683 1155 caritate
1707 1072 1835 1132 tenetur
1848 1063 1910 1147 ³⁸),
1937 1063 1989 1129 hic

176 1180 340 1246 hominum
358 1188 408 1246 est
424 1181 677 1246 amantissimus
708 1182 821 1262 ltaque
839 1179 891 1245 dei
910 1199 1030 1262 opera
1047 1180 1081 1244 in
1099 1200 1137 1247 eo
1156 1186 1206 1245 est
1223 1178 1343 1261 posita,
1362 1184 1397 1242 ut
1415 1185 1606 1261 perpetuo
1623 1176 1769 1243 homines
1787 1174 1988 1241 beneficio

175 1289 348 1356 aiiiciat.

343 1398 447 1478 Quam
474 1399 605 1482 quidem
631 1399 693 1463 Dei
720 1399 790 1464 sive
817 1397 1126 1464 beneficentiam
1158 1398 1227 1463 sive
1255 1398 1476 1464 comitatem
1504 1396 1572 1460 sive
1598 1394 1886 1477 benignitatem
1915 1413 1986 1458 cum

176 1508 300 1574 Seneca
318 1508 508 1591 saepissime
526 1515 559 1574 ct
576 1508 718 1590 egregiis
735 1507 843 1573 verbis
867 1505 1107 1590 praedicet³⁹i,
1135 1528 1195 1590 ego
1222 1527 1347 1590 quoque
1370 1505 1517 1591 pluribus
1537 1504 1795 1588 persequendam
1819 1503 1915 1586 duco,
1942 1502 1989 1567 ita

176 1619 319 1701 quidem,
345 1625 379 1682 ut
406 1618 501 1682 simui
519 1637 631 1682 aarum
649 1618 768 1682 artium
775 1667 783 1700 ,
811 1636 894 1699 quae
920 1615 994 1680 huic
1018 1617 1129 1682 virtuti
1155 1618 1248 1701 quasi
1273 1617 1485 1682 administrae
1502 1615 1697 1696 comitesque
1714 1614 1888 1679 adiunctae
1906 1620 1990 1694 sunt,

176 1729 333 1795 rationem
351 1726 498 1792 habeam.

346 1839 394 1902 Ao
415 1842 618 1915 ,naturam
637 1836 767 1918 quidem
785 1836 846 1902 deo
870 1836 1001 1901 mitem
1019 1846 1051 1901 et
1069 1836 1284 1920 placidam“
1306 1855 1379 1901 esse
1397 1834 1521 1900 Seneca
1537 1833 1617 1899 dicit
1634 1833 1675 1898 de
1693 1835 1743 1899 ira
1763 1833 1808 1916 11,
1827 1837 1878 1916 27,
1899 1838 1924 1897 i.
1937 1829 1988 1913 ⁴⁰)

177 1947 290 2029 Itaque
319 1947 476 2030 ,plurima
495 1945 650 2012 beneficia
667 1965 707 2010 ac
723 1945 865 2010 maxima
891 1946 925 2010 in
951 1945 1098 2011 homines
1125 1945 1205 2010 deus
1230 1942 1426 2028 conicrt⁴¹),
1452 1944 1523 2008 sine
1549 1943 1786 2009 intermissione
1813 1941 1928 2008 diebus
1950 1962 1990 2007 ae

177 2051 399 2139 noctibus42),
426 2057 496 2120 sine
524 2075 581 2138 spe
608 2054 803 2138 recipiendi“
820 2051 889 2137 43);
915 2054 1014 2138 idem,
1044 2055 1252 2138 ,quidquid
1275 2055 1327 2119 iis
1349 2053 1447 2118 bono
1470 2053 1642 2119 futurum
1665 2061 1768 2136 erat,
1791 2055 1825 2118 in
1842 2053 1989 2136 proximo

177 2165 298 2247 posuit,
315 2185 390 2230 non
409 2165 660 2248 exspectarit
678 2163 977 2245 inquisitionem
997 2165 1191 2231 hominum
1214 2173 1252 2229 et
1275 2166 1379 2229 uitro
1403 2163 1515 2229 dedit
1529 2159 1595 2245 Η);
1613 2183 1673 2227 nee
1690 2164 1794 2228 solum
1812 2162 1990 2228 necessi·

177 2274 325 2340 tatibus
344 2295 454 2340 eornm
472 2274 622 2357 providit,
640 2273 698 2338 sed
716 2293 818 2354 usque
836 2273 871 2338 in
888 2274 1025 2339 delicias
1042 2294 1098 2341 eos
1115 2277 1232 2340 amat.“
1249 2271 1301 2357 ⁴⁵)

343 2383 392 2448 Ac
410 2390 500 2448 tanta
518 2383 571 2448 dei
589 2387 639 2447 est
658 2381 853 2465 benignitas,
877 2389 912 2447 ut
938 2384 1039 2461 ,alios
1057 2383 1279 2465 indulgentius
1296 2388 1411 2448 tractet
1430 2388 1560 2465 propter
1586 2387 1774 2463 parentes
1801 2401 1990 2464 avosque,

176 2493 279 2559 aiios
312 2500 470 2576 propter
500 2493 669 2558 suturam
702 2497 883 2575 nepotum
915 2500 1191 2576 pronepotumque
1218 2513 1258 2558 ao
1283 2494 1379 2573 longe
1411 2490 1614 2574 sequentinm
1645 2497 1844 2573 posterorum
1876 2491 1990 2557 indo-

176 2600 353 2682 iem.“⁴⁶)

347 2789 393 2851 36)
411 2785 479 2839 Sunt
495 2783 576 2840 rerba
594 2783 687 2837 Cottae
705 2783 776 2850 apud
795 2783 948 2836 Ciceronem
965 2783 1012 2852 (de
1030 2791 1125 2836 natura
1143 2783 1252 2837 deorum
1270 2783 1295 2847 l,
1314 2792 1359 2847 44,
1381 2785 1456 2850 ι33);
1474 2783 1507 2838 ci.
1526 2784 1585 2836 adn.
1607 2791 1644 2835 14.

348 2873 395 2933 art
412 2868 461 2937 Ep.
480 2877 519 2932 os,
540 2878 579 2922 ro.

348 2957 394 3019 aa)
413 2954 465 3006 Cic.
483 2952 515 3007 de
533 2960 586 3008 nat.
604 2953 677 3007 decr.
694 2953 718 3017 1,
737 2963 782 3017 44,
802 2963 858 3007 rer.

343 3040 387 3109 33)
406 3037 508 3090 Similia
526 3037 597 3106 apud
620 3037 805 3106 Epictetum
826 3039 1003 3093 inveniuntur.
1037 3037 1064 3090 ls
1081 3038 1152 3090 enirn
1170 3043 1309 3105 postquam
1327 3050 1373 3088 eos
1395 3036 1564 3104 vituperavit,
1591 3038 1648 3104 qui.
1671 3043 1701 3090 nt
1723 3036 1833 3091 Phidiae
1851 3038 1984 3105 quoddam

177 3139 243 3192 opus
265 3131 427 3191 spectarent,
450 3123 597 3192 oanpicm
620 3125 671 3176 iter
693 3123 822 3188 iacerent,
845 3122 1119 3177 artificiosissimi
1142 3129 1230 3175 autem
1254 3122 1354 3191 operis,
1377 3121 1449 3188 qnod
1466 3120 1562 3175 cotidie
1581 3121 1705 3175 admirari
1723 3123 1756 3175 iis
1773 3122 1876 3186 liceret,
1898 3131 1989 3177 essent

179 3208 485 3275 neglegentissimi.
513 3207 597 3269 addit,
624 3207 752 3266 homines.
770 3210 793 3263 si
814 3216 905 3262 recta
926 3209 954 3262 in
976 3207 1008 3261 iis
1030 3221 1104 3261 mens
1126 3214 1208 3271 esset,
1234 3206 1300 3260 nihil
1323 3205 1395 3259 alind
1417 3206 1469 3260 nisi
1491 3206 1569 3259 deum
1593 3207 1791 3273 praedicaturos
1813 3213 1840 3259 et
1857 3207 1990 3261 beneficia

177 3292 213 3346 ab
232 3305 264 3345 eo
281 3292 384 3346 tributa
402 3292 628 3355 consideraturos,
646 3299 687 3356 nt,
710 3293 838 3360 quidquid
856 3300 978 3361 agerent,
1000 3291 1127 3362 hymnum
1144 3297 1289 3345 mutarent
1323 3290 1391 3346 Cum
1408 3306 1472 3345 vero
1490 3292 1586 3359 vulgus
1603 3306 1711 3346 caecum
1729 3292 1776 3358 sit,
1795 3306 1825 3346 se
1842 3293 1929 3361 ipsum
1946 3292 1989 3346 dei

177 3377 269 3431 laudea
286 3377 481 3431 celebraturum
505 3376 539 3428 ab
560 3391 644 3444 eaque
668 3393 697 3432 re
722 3394 805 3446 nsque
829 3380 863 3432 ad
886 3378 1006 3432 ultimum
1029 3378 1150 3445 spiritum
1173 3392 1227 3430 non
1245 3377 1402 3431 doctitumm
1421 3392 1487 3431 esse.
1516 3376 1590 3431 idem
1603 3392 1619 3430 a
1631 3377 1751 3444 sapiente
1763 3377 1891 3445 postulat,
1909 3392 1987 3445 quem

178 3459 312 3526 hortatur,
330 3468 371 3520 nt,
390 3461 497 3514 durna
520 3461 608 3515 ritae
632 3465 777 3517 statione
800 3465 958 3518 decedere
986 3463 1154 3527 iubeatur,
1180 3462 1272 3515 deum
1302 3469 1486 3516 veneretur
1507 3477 1564 3531 pro
1587 3463 1640 3524 iis,
1668 3477 1749 3530 qnae
1767 3469 1799 3514 et
1818 3462 1942 3517 viderit
1959 3469 1990 3517 et

177 3545 356 3609 audiverit,
374 3546 504 3612 gratias
522 3560 637 3613 agens.
674 3547 788 3612 (Grosch
806 3549 823 3602 i.
839 3550 855 3602 i.
873 3565 898 3617 p.
916 3551 969 3616 34.)
1003 3548 1047 3602 Ab
1066 3547 1189 3616 Epicteto
1208 3548 1296 3615 igitur,
1314 3547 1358 3615 qui
1377 3547 1528 3601 Christiana
1542 3547 1663 3601 doctrina
1680 3563 1734 3601 non
1751 3547 1802 3601 fuit
1824 3547 1953 3605 imbutus.
1971 3548 1989 3602 ii

177 3637 348 3697 superantur,
366 3629 425 3696 qni.
443 3629 494 3682 etsi
511 3628 654 3684 Christiani
670 3632 806 3699 dicuntur,
824 3642 913 3687 minen
930 3647 979 3703 pro
996 3632 1152 3689 innumeris.
1180 3647 1248 3700 quac
1266 3632 1362 3684 cotidie
1380 3632 1524 3701 accipiunt.
1551 3632 1688 3687 beneficiis
1710 3631 1761 3685 deo
1784 3632 1883 3699 gratias
1907 3647 1988 3700 agere

177 3715 396 3781 praetermittunt.

346 3805 392 3862 4ο)
416 3799 519 3852 ibidem
537 3798 603 3854 haec
621 3801 763 3868 leguntur:
790 3802 861 3859 ..Nec
879 3802 970 3855 volunt
987 3802 1083 3856 obesse
1102 3817 1150 3854 nec
1171 3806 1304 3868 possunt“
1333 3832 1365 3839 -
1391 3800 1440 3869 Ep.
1459 3811 1505 3863 95,
1525 3812 1571 3856 ia:
1599 3803 1690 3870 „Quae
1706 3817 1788 3855 causa
1804 3809 1845 3856 est
1862 3804 1903 3857 dis
1921 3803 1989 3857 bene

176 3882 309 3937 faciendi?
328 3890 445 3937 naturai·
463 3914 496 3923 -
514 3884 597 3937 iidem
616 3885 736 3952 ..aequali
754 3893 846 3939 tenore
864 3885 937 3940 bona
954 3901 1003 3940 sua
1021 3902 1069 3955 per
1086 3893 1178 3953 gentes
1196 3885 1360 3953 populosque
1379 3885 1544 3941 distribuunt
1561 3903 1654 3941 unam
1672 3886 1854 3955 potentiam
1876 3889 1990 3942 sortiti

177 3968 353 4035 prodesse“
371 3969 417 4036 (de
435 3968 521 4022 benef.
535 3967 596 4027 Vll,
615 3978 656 4033 31,
675 3973 711 4033 4).

347 4054 393 4120 41)
412 4052 454 4106 De
472 4052 560 4106 benef.
578 4052 623 4108 iV.
642 4063 670 4113 9,
691 4064 711 4107 1.

345 4142 391 4204 43)
409 4137 478 4191 ibid.
497 4137 542 4197 Ν.
562 4149 589 4195 a.
608 4148 631 4191 2.
658 4171 691 4178 -
718 4139 752 4192 ci.
776 4148 820 4194 33.
839 4149 868 4193 a:
895 4139 993 4203 „vice
1019 4146 1117 4206 quanta
1140 4137 1236 4192 cotidie
1259 4139 1414 4199 moliantur.
1445 4147 1544 4207 quanta
1571 4140 1742 4201 distribuant,
1769 4142 1875 4209 quantis
1904 4149 1989 4198 terras

176 4222 307 4277 fructibus
324 4223 464 4291 impleant,
487 4239 565 4291 quam
584 4224 740 4291 opportunis
757 4233 784 4276 et
802 4225 828 4277 in
847 4239 939 4277 omnes
955 4239 1015 4278 oras
1032 4224 1177 4277 terentibus
1200 4225 1285 4278 ventis
1303 4225 1386 4278 maria
1409 4232 1590 4293 permoveant,
1608 4225 1714 4293 quantis
1732 4225 1862 4280 imbribus
1879 4236 1987 4296 repente

177 4306 286 4361 deiectis
305 4308 392 4362 solum
408 4308 529 4361 molliant
546 4322 678 4375 venasque
696 4308 808 4362 fontium
827 4316 932 4363 arentes
949 4310 1129 4376 redintegrent
1146 4316 1173 4362 et
1190 4308 1278 4363 infuso
1295 4323 1343 4377 per
1360 4308 1464 4363 occulta
1482 4309 1643 4364 nutrimento
1657 4316 1777 4364 novent‘t

346 4395 392 4460 43)
411 4391 480 4449 ibid.
493 4392 541 4455 IV,
560 4403 584 4457 3,
605 4403 631 4451 i:
653 4391 686 4446 ci.
705 4402 745 4451 ab,
764 4403 792 4446 a:
820 4395 931 4451 ..Omnia
947 4395 999 4447 ista
1015 4395 1072 4447 siue
1090 4393 1218 4457 mercede,
1236 4394 1293 4446 sine
1312 4394 1366 4446 uilo
1384 4394 1418 4447 ad
1436 4395 1507 4463 ipsos
1525 4396 1694 4463 perveniente
1711 4395 1849 4450 commodo
1866 4397 1988 4452 iaciunt‘·

347 4481 392 4544 44)
409 4477 459 4546 Ep.
474 4488 529 4534 110.
546 4488 584 4531 10.
601 4477 634 4530 de
653 4477 737 4530 benef.
750 4476 795 4532 Vi.
809 4486 850 4543 33,
863 4486 886 4532 5.
905 4509 937 4516 -
956 4477 1024 4531 ibid.
1042 4476 1102 4536 Vll,
1121 4485 1162 4535 ³1.
1181 4486 1209 4530 a:
1237 4477 1392 4538 ,Beneficia
1409 4479 1541 4546 ignoranti
1558 4479 1622 4534 dare
1642 4480 1784 4549 incipiunt,
1802 4482 1914 4550 ingratis
1930 4496 1990 4550 per-

177 4568 323 4615 ser·erant“
359 4562 425 4615 Cum
449 4561 491 4616 his
515 4563 659 4616 Senecae
686 4561 773 4615 verbis
799 4561 887 4629 aliqua
913 4577 946 4615 ex
971 4569 1047 4631 parte
1073 4562 1138 4615 iliud
1165 4563 1292 4616 lesaiae
1318 4562 1463 4631 prophetae
1479 4567 1534 4631 (ec,
1553 4569 1599 4631 34)
1615 4566 1764 4635 comparari
1787 4573 1886 4634 potest:
1917 4571 1989 4625 ..Kal

176 4646 265 4711 ἔσται,
286 4649 354 4717 πρὶν
369 4643 386 4713 ἢ
404 4644 531 4719 κεκράξαι
550 4646 660 4712 αὐτούς,
679 4647 733 4716 ἐγώ
753 4644 946 4716 ὑπακούσομαι
965 4646 1081 4701 αὖτῶν.··

346 4733 392 4798 43)
411 4731 449 4783 tt.
467 4730 500 4784 de
518 4731 607 4785 benef.
624 4732 670 4797 1v,
689 4741 711 4789 5.
733 4742 753 4785 i.

344 4818 390 4880 46)
410 4814 452 4868 De
469 4815 555 4869 irenei.
573 4815 621 4875 lv,
640 4826 681 4881 32,
703 4827 724 4870 1.
750 4816 837 4877 ..Nota
853 4817 922 4869 eninr
940 4818 979 4870 illi
1001 4824 1065 4875 est“.
1087 4819 1183 4885 inquit.
1210 4819 1314 4886 „operis
1339 4817 1379 4871 sui
1406 4819 1488 4873 series
1513 4820 1683 4886 omniumque
1701 4819 1739 4874 illi
1756 4835 1845 4875 renim
1862 4837 1924 4875 arras
1941 4835 1990 4890 per

179 4913 273 4952 manns
292 4900 420 4953 iturarum
439 4900 549 4953 scientia
567 4901 593 4953 in
612 4909 704 4968 aperto
722 4917 826 4969 semper
844 4909 895 4959 est.
915 4903 990 4955 nobis
1007 4917 1042 4955 ex
1060 4903 1149 4956 abdito
1167 4904 1249 4959 subit.
1268 4910 1379 4971 atquae
1397 4905 1537 4972 repentina
1554 4912 1686 4972 putamus.
1704 4905 1742 4958 ilii
1761 4906 1867 4974 provisa
1879 4907 1986 4961 veniunt

177 4997 208 5037 ae
226 4983 374 5038 familiaria.
410 4983 467 5035 Sint
487 4981 513 5036 hi
533 4999 618 5050 reges.
635 4986 697 5051 quia
715 4987 828 5039 maiores
846 5001 938 5040 eorum
955 4988 1074 5047 inierunt.
1101 4989 1164 5055 quia
1186 5004 1233 5056 pro
1256 5004 1358 5043 summo
1379 4990 1489 5058 imperio
1511 4989 1663 5044 habueruut
1685 4989 1823 5047 iustitiam.
1851 4990 1989 5046 abstinen-

177 5067 254 5131 tiam,
272 5067 336 5134 quia
354 5082 406 5120 non
425 5082 479 5120 rem
498 5067 633 5134 publicam
651 5070 713 5125 aiiii.
732 5071 779 5124 sed
797 5087 825 5124 se
844 5072 882 5124 rei
898 5072 1022 5140 publicae
1039 5073 1200 5126 dicaverunt.
1228 5074 1350 5142 Regnent
1368 5072 1406 5131 iri.
1425 5074 1488 5141 quia
1505 5074 1546 5129 rir
1564 5073 1651 5128 bonus
1669 5074 1776 5142 quidam
1794 5083 1856 5129 ante
1876 5091 1990 5144 proavus
